2442 4059
404 278 603 322 surrnsnuu
626 277 694 323 um.
712 280 735 322 1.
750 263 781 322 6.
1025 262 1063 323 lr'r

122 431 280 497 Convivas
294 429 399 495 avidos
415 452 533 495 coenam
549 453 716 516 servosque
731 430 877 495 timentes
1021 436 1062 495 75

122 518 209 582 Tum
225 539 341 602 rapere,
358 527 452 603 atque
468 539 573 580 omnes
589 518 781 603 restinguere
796 518 877 581 velle
893 516 1024 582 videres.

123 603 243 688 Incipit
257 625 296 667 ex
312 603 365 666 illo
379 615 501 667 montes
516 603 633 688 Apulia
648 616 737 666 notos

124 688 293 754 Ostentare
308 688 394 765 mihi,
411 711 488 773 quos
503 700 599 775 torret
616 687 779 764 Atabulus,
795 700 828 754 et
842 712 919 775 quos

124 775 296 861 Nunquam
313 796 500 860 erepsemus‚
517 775 576 838 nisi
591 798 647 839 nos
662 775 763 839 vicina
777 775 897 839 Trivici

125 861 211 925 Villa
226 861 401 946 recepisset,
419 861 578 924 lacrimoso
593 883 655 924 non
670 861 737 924 sine
752 861 848 938 fumo,
1024 866 1066 926 80

126 947 218 1012 Udos
233 970 302 1011 cum
318 947 398 1010 foliis
414 969 513 1011 ramos
529 959 637 1011 urente
654 947 785 1011 camino.

127 1032 272 1108 Quatuor
287 1033 359 1097 hinc
373 1056 405 1095 ra
429 1032 509 1096 imur
523 1032 635 1119 viginti
650 1046 683 1097 et
697 1033 794 1097 millia
808 1032 920 1109 rhedis,

127 1119 274 1184 Mansuri
290 1055 446 1204 oppidulb,
463 1118 545 1204 quod
561 1142 652 1183 versu
666 1119 768 1182 dicere
784 1141 845 1184 non
861 1132 917 1197 est,

128 1205 237 1291 Signis
251 1204 396 1291 perfacile
413 1218 476 1275 estt,
500 1205 586 1269 venit
600 1205 746 1269 vilissima
760 1227 864 1268 rerum

129 1290 195 1355 Hic
209 1313 306 1376 aqua3
329 1291 384 1355 sed
399 1292 487 1376 panis
501 1291 595 1391 longe
610 1291 844 1377 pulcherrimus,
861 1291 941 1356 ultra
1026 1296 1067 1355 85

129 1376 271 1441 Callidus
285 1387 321 1441 ut
334 1377 431 1441 soleat
446 1376 580 1441 humeris
596 1388 718 1463 portare
732 1378 847 1453 viator3

128 1462 213 1527 Nam
232 1463 348 1528 Canusi
363 1462 533 1547 lapidosus,¹
543 1485 634 1547 aquae
650 1485 710 1526 non
726 1462 818 1528 ditior
832 1464 910 1527 urnii

130 1549 198 1624 Qui
214 1549 298 1612 locus
312 1572 331 1612 a
346 1549 416 1613 forti
433 1548 588 1611 Diomede
605 1562 653 1613 est
667 1549 808 1612 conditus
823 1549 906 1612 olim.

131 1635 298 1699 Flentibus
313 1635 363 1699 hic
379 1634 491 1699 Varius
506 1634 638 1699 discedit
653 1648 775 1699 maestus
790 1635 906 1699 amicis.

131 1720 212 1784 Inde
230 1719 338 1785 Rubos
353 1720 425 1784 fessi
440 1722 647 1805 pervenimus,
665 1733 772 1806 utpote
788 1721 914 1807 longum
1031 1726 1071 1785 90

131 1806 306 1892 Carpentes
321 1806 389 1883 iter,
403 1818 438 1871 ,et
453 1809 566 1871 factum
583 1806 755 1893 corruptius
770 1807 870 1871 imbri.

133 1892 264 1956 Postera
278 1904 445 1978 tempestas
460 1892 587 1967 melior3
610 1896 660 1957 via
676 1894 764 1979 pejor
778 1893 816 1957 ad
834 1916 930 1979 usque

132 1978 210 2042 Bari
225 1978 338 2042 moenia
353 1977 481 2063 piscosi:
501 1978 572 2042 dein
590 1978 715 2055 Gnatia,
733 1979 884 2065 Lymphis

131 2064 227 2129 Iratis
242 2077 406 2141 exstructa,
422 2063 508 2128 dedit
522 2064 662 2150 risusque
673 2066 834 2151 jocosque,

131 2150 222 2214 Dum
238 2150 360 2215 flammai
376 2150 443 2214 sine
458 2164 527 2215 tura
541 2151 711 2235 liquescere
727 2151 832 2214 limine
848 2174 934 2216 sacro
1033 2156 1074 2215 95

133 2236 328 2301 Persuadere
344 2236 439 2323 cupit.
486 2236 601 2301 Credat
615 2238 636 2301 J
639 2237 743 2301 udaeus
759 2237 891 2323 Apella3

133 2322 208 2385 Non
226 2345 302 2409 ego:
326 2344 460 2407 namque
475 2322 548 2387 deos
563 2323 654 2386 didici
670 2345 813 2387 securum
828 2345 921 2411 agere
936 2345 1052 2400 aevum3

133 2408 216 2485 Nec,
233 2410 258 2472 si
274 2408 349 2493 quid
364 2408 434 2471 miri
450 2406 541 2472 faciat
557 2424 675 2485 natura,
691 2409 766 2472 deos
780 2408 812 2473 id

134 2493 258 2559 Tristes
273 2495 390 2559 exalto
405 2494 474 2558 coeli
491 2495 653 2559 demittere
670 2507 761 2559 tecto.

135 2579 348 2644 Brundusium
364 2580 465 2666 longae
480 2578 550 2645 finis
564 2580 738 2667 chartaeque
754 2579 884 2668 viaeque.
1015 2586 1075 2645 100

533 2753 680 2765 ᾖ...

515 2886 636 2929 SATIRA
659 2887 704 2929 VI·

137 3004 224 3079 Non,
240 3002 323 3089 quia,
341 3001 509 3081 Maecenas,
528 3002 689 3089 Lydorum
704 3001 854 3088 quidquid
871 3002 1018 3068 Etruscos

137 3090 275 3154 lucoluit
290 3090 377 3165 lines,
394 3111 486 3152 nemo
500 3090 679 3175 generosior
693 3102 740 3152 est
754 3101 795 3165 te,

137 3174 210 3240 Nec
224 3175 308 3261 quod
323 3188 399 3240 avus
414 3176 468 3239 tibi
484 3188 641 3240 maternus
655 3174 715 3239 suit
729 3188 822 3258 atque
837 3185 993 3260 paternus,

139 3260 227 3325 Olim
244 3262 298 3346 qui
314 3261 434 3348 magnis
449 3260 624 3347 legionibus
639 3260 860 3346 imperitarent,

138 3346 191 3413 Ut
204 3347 346 3433 plerique
360 3347 471 3423 solent,
487 3369 561 3410 naso
575 3347 737 3432 suspendis
751 3346 871 3410 adunco
1060 3353 1080 3411 5

138 3433 156 3498 l
205 3446 281 3510 utos,
299 3443 334 3497 ut
347 3456 397 3497 me
413 3433 558 3497 libertino
573 3446 661 3517 patre
676 3445 792 3496 natum.

174 3542 226 3583 um
240 3519 355 3583 referre
370 3541 476 3605 negas,
493 3519 576 3604 quali
592 3519 633 3582 sit
646 3519 778 3603 quisque
794 3527 921 3602 parente

140 3604 256 3687 Natus,
270 3605 344 3669 dum
358 3604 531 3691 ingenuus3
554 3604 720 3690 persuades
734 3603 793 3665 boc
807 3601 862 3665 tibi
877 3622 959 3679 vere,
