2442 4059
165 241 231 307 260
499 242 782 292 rntanrnttrtrtn
1018 244 1116 309 [error.

164 394 236 453 plane
254 394 379 453 respondet
396 400 502 439 nostrum
521 395 608 449 uttucl,
626 402 653 439 ut
671 394 756 441 dicitnr
777 394 862 453 aliquis
878 397 972 450 tentori,
999 400 1116 444 attentari

167 460 230 505 belin
239 483 273 492 -
282 454 363 519 [super
376 455 428 518 ltoe]
447 462 546 518 ‘preater
558 459 609 513 hoc,
627 460 657 503 ed
672 459 771 505 hon'—
781 456 900 520 [Lueulli]
920 460 1020 516 ‘Nunc,
1039 476 1117 521 quum

165 524 222 569 satis
232 524 335 581 locuples
346 522 404 568 mihi
416 522 504 577 videor,
516 522 580 569 nulla
586 525 638 582 jam
647 526 752 569 carmina
762 538 884 583 compono,
895 539 991 583 prorsus
1007 533 1037 571 nt
1046 526 1116 572 miles

165 586 205 633 ille
217 588 317 639 Luculli,
334 602 407 645 quum
419 587 541 646 pecuniam
553 598 635 633 nactus
646 597 716 647 esset,
732 587 807 634 noluit
817 603 898 637 rursus
909 589 1047 636 discrimina
1058 591 1116 636 belii

165 652 299 698 subire.’-
308 648 352 712 [od
362 648 446 712 auem]
465 653 511 698 ‘ed
522 666 596 708 assem
610 652 734 708 ultimum,'
752 662 779 699 ut
794 668 867 712 quum
883 654 985 703 dicimus
1000 656 1035 700 ud
1045 670 1117 701 mss
1196 671 1197 686 ¹

164 732 245 763 omnes.
256 740 290 749 —
301 712 370 777 [eidi]
388 728 481 776 propter
493 716 668 775 negligentiam,
684 719 732 775 qud
748 733 828 763 soson
843 713 1008 775 (βαλάντιον,
1021 718 1116 779 perse),
1196 731 1197 746 ¹

164 781 304 839 perdiderat.
316 805 349 813 -
360 778 431 841 [loeo]
449 782 566 835 ‘castello
586 782 651 840 qnod
667 781 825 828 defendebant
848 782 994 828 Mithridatis
1015 784 1115 841 milites,

164 860 204 891 eos
223 845 370 903 depulit!—
382 842 476 906 [diuite]
493 845 623 905 Porphyrio
640 846 757 905 significat
773 846 806 892 ibi
826 846 972 893 Mithridatis
990 848 1115 894 thesauros

163 908 282 955 inisse·
294 906 384 971 [donis]
402 911 549 967 militaribus,
569 910 642 956 hastis
652 911 724 970 puris,
736 912 847 969 phaleris,
861 926 947 956 corona
957 911 1053 968 murali,
1068 914 1113 959 dte.

163 996 197 1007 -
206 970 299 1035 [super]
312 974 437 1033 ‘insupen'
445 999 477 1008 -
487 971 540 1035 [ereb
551 972 603 1035 hoo]
617 976 711 1035 ‘paullo
722 985 773 1034 poet
784 976 829 1021 hoc
839 976 946 1035 tempus!
954 1001 989 1008 —
997 973 1113 1039 [prator]

164 1052 194 1083 ex
216 1039 348 1098 antiquiore
374 1038 499 1085 Latinitate
519 1054 561 1099 pro
582 1041 664 1095 ‘duoe,
686 1041 842 1099 imperatora'
849 1065 881 1077 ·-
893 1036 1021 1101 [metere]
1040 1042 1114 1088 etiem

164 1102 189 1147 in
206 1104 275 1162 prosi
291 1117 324 1149 or.
337 1104 385 1149 Cic.
397 1105 441 1150 Off.
456 1105 477 1154 1.
488 1103 528 1159 24,
545 1105 573 1153 de
583 1107 749 1151 evertendis
766 1106 946 1166 diripiendisque
956 1107 1061 1163 urbibus,
1072 1107 1113 1169 Ae.

164 1190 196 1201 —
209 1164 298 1229 [cutm]
319 1168 439 1222 ‘callidus
450 1168 555 1223 astutus,’
568 1170 706 1215 vocabulum
717 1168 839 1216 Sabinum.

197 1233 300 1280 tl-tn.
319 1228 420 1294 [Rome]
439 1232 542 1280 ‘Similis
559 1232 630 1292 hans
647 1233 728 1279 militis
743 1234 827 1279 rationi
844 1248 897 1279 mea
910 1248 1005 1293 quoque
1022 1242 1067 1291 est,
1085 1244 1115 1283 ut

164 1296 207 1343 tibi
220 1300 317 1357 jamJam
329 1298 460 1357 exponam!
468 1321 500 1330 —
512 1295 632 1360 [contigit]
651 1298 723 1343 ‘mihi
735 1300 798 1344 enim
810 1299 907 1357 contigit
917 1313 968 1344 esse
980 1310 1029 1344 tam
1040 1300 1113 1357 felici,

164 1370 191 1407 ut
202 1362 290 1422 optimo
302 1370 366 1421 patre
379 1361 411 1407 sic
425 1363 517 1408 volente
529 1376 575 1407 non
590 1362 705 1418 Venusiae,
716 1364 758 1409 sed
771 1364 852 1408 Rome
865 1365 977 1409 educarer
986 1374 1059 1423 etque
1071 1365 1112 1411 hic

164 1426 266 1485 primum
278 1428 337 1472 lecto
350 1426 453 1473 Homero
469 1428 556 1473 Graecis
567 1427 650 1473 litteris
667 1424 937 1487 instituerat-[ptus
953 1427 1026 1485 artis]
1045 1431 1112 1474 ‘cul-
1196 1437 1197 1464 l

163 1499 223 1536 turae
234 1490 357 1537 sanctioris
367 1506 403 1545 ee,
419 1506 489 1550 quam
505 1492 587 1537 Romae
604 1493 728 1538 dumtaxat
739 1492 826 1550 degens
843 1493 901 1537 mihi
917 1507 1000 1552 parere
1018 1493 1112 1553 potnia-

165 1569 221 1611 tem,
242 1564 268 1601 ut
284 1555 437 1615 philosophiae
455 1557 535 1601 morali
552 1570 648 1616 operam
667 1558 726 1603 dans
741 1558 851 1603 virtutem
869 1557 1014 1615 distinguere
1027 1573 1042 1603 a
1053 1559 1112 1604 sitio

164 1619 334 1666 discerem'—
346 1616 449 1682 [vellem]
479 1623 524 1665 ‘ut
542 1621 648 1666 arderem
669 1620 747 1667 studio
768 1621 816 1666 seri
835 1618 1110 1683 reperiendi’—[Aen·

163 1680 236 1744 ὀιοιὶ]
250 1684 362 1743 Eupolis:
381 1682 426 1732 Ἐν
437 1682 542 1741 εὐσκίοις
552 1680 680 1748 δρόμοισιν
691 1681 834 1748 ’Διαδὴμου
845 1682 908 1742 θεοῦ,
920 1687 999 1732 herois
1009 1688 1112 1747 antiqui.

164 1749 316 1795 Academicos
327 1749 399 1807 igitur
414 1750 476 1795 inter
491 1750 590 1795 aliarum
603 1750 778 1808 disciplinarum
790 1752 896 1795 doctores
906 1752 982 1796 audiit
992 1755 1023 1798 ab
1033 1752 1111 1811 iisqne

165 1812 254 1867 didicit,
272 1828 352 1859 verum
364 1814 481 1873 quomodo
492 1829 544 1860 eum
557 1816 671 1875 perpetui
681 1822 759 1861 tamen
774 1812 859 1876 ἐποχῇ
869 1815 1060 1874 investigandum
1070 1817 1111 1863 sit.

196 1877 298 1924 to-st.
323 1874 445 1939 [emovere]
463 1879 511 1937 ‘vi,
521 1877 559 1924 oui
571 1879 647 1925 resisti
659 1893 706 1925 non
717 1888 817 1940 poterat,
828 1877 1109 1942 expansa-[cuttu]

165 1942 294 1987 Construe:
311 1949 380 1989 astur
399 1944 452 1989 betti
469 1944 543 1989 cicilie
561 1958 598 1989 me
617 1945 696 1991 rudent
713 1942 792 2004 (belli)
809 1946 900 1989 tulitin
916 1960 990 2002 orno,
1005 1946 1110 2005 imagine

165 2007 287 2066 desumpti
309 2008 338 2051 ab
360 2016 463 2053 torrente
484 2007 564 2053 omnia
585 2023 664 2055 secum
680 2005 780 2068 serente,
795 2008 976 2068 abripiente-
989 2006 1108 2071 [lacertis]

165 2070 310 2117 ‘fortitudini
331 2086 358 2117 ec
378 2071 505 2131 putendorf
536 2072 602 2132 quasi
627 2074 657 2119 de
678 2074 792 2119 luctatore
811 2070 1111 2134 robustissimo-[sinet

161 2134 272 2197 primum]
291 2135 446 2195 Frequentius
457 2145 493 2182 est
504 2143 529 2183 ut
537 2139 645 2197 primun,
658 2139 698 2184 adi
709 2140 815 2197 pdnunr,
825 2140 926 2183 simulne.
937 2162 969 2171 -
977 2134 1108 2200 [Philippi]

164 2214 223 2247 cneo
244 2202 317 2247 Bmto
338 2211 362 2247 et
379 2201 459 2247 Cassio
475 2214 500 2247 a.
512 2213 567 2247 nc.
586 2201 641 2255 712.
652 2226 686 2235 -
704 2199 820 2264 [Derieis]
838 2202 886 2248 cic.
901 2202 932 2247 ed
952 2203 1000 2248 Ast.
1012 2205 1036 2257 t,
1047 2204 1071 2257 2,
1083 2205 1108 2259 5,

163 2266 232 2313 iidem
243 2268 286 2322 illi,
303 2268 342 2327 qus¹
358 2268 414 2312 milri
422 2269 505 2326 pinnas
515 2268 651 2322 inciderant,
665 2267 745 2313 nolunt
755 2268 844 2313 eunden
854 2268 951 2313 renasci.
963 2292 994 2299 -
1007 2264 1108 2329 [suedi]

165 2330 246 2378 Quum
262 2340 314 2390 post
325 2331 447 2377 Octaviani
461 2340 485 2377 et
495 2330 592 2377 Antonii
610 2331 731 2376 victoriam
745 2331 827 2377 horum
845 2332 960 2377 veteranis
971 2332 1024 2391 agri
1033 2333 1108 2393 assig-
1196 2361 1197 2366 =

163 2404 282 2451 narentur,
300 2396 349 2453 ipse
365 2410 459 2455 quoque
473 2404 596 2455 paternum
608 2394 707 2441 fundum
718 2403 743 2441 et
753 2396 848 2441 domum
858 2395 944 2450 amisit,
963 2405 990 2441 ut
1000 2411 1031 2443 ex
1042 2407 1109 2457 parte

164 2460 246 2505 saitem
269 2460 340 2505 etiarn
363 2460 474 2519 Virgilius
495 2468 519 2506 et
540 2460 653 2505 Tibullus.
665 2484 698 2493 -
716 2457 728 2522 [
733 2466 859 2520 paupertas
880 2457 984 2520 inpulit]
1014 2461 1109 2508 tmoiot

164 2523 294 2582 hyperbolis
310 2538 365 2569 usus
380 2524 437 2571 dicit
448 2540 472 2571 se
483 2524 565 2584 primis
575 2524 624 2570 suis
635 2523 739 2570 versibus
756 2523 845 2584 (andria
859 2534 883 2570 et
893 2524 986 2584 epodis)
997 2526 1109 2572 omnibus

164 2588 323 2633 demonstrare
342 2589 449 2645 voluisse,
470 2591 545 2649 majus
562 2588 606 2635 sibi
625 2588 747 2647 ingenium
765 2604 823 2645 esse,
843 2604 914 2649 quem
931 2598 958 2634 ut
977 2590 1003 2635 in
1021 2590 1108 2651 scripto
1196 2637 1197 2658 ¹

164 2652 297 2712 quaestorio,
309 2668 378 2710 quem
388 2662 540 2711 compararat,
552 2662 733 2699 consenesceret.

196 2716 299 2770 52-57.
318 2714 459 2778 [habentem]
483 2718 625 2777 ‘Postquam
640 2718 722 2775 habeo,
736 2718 800 2777 quod
811 2718 869 2763 mibi
886 2717 1107 2778 satissitquodque
1196 2687 1197 2704 l

164 2781 244 2827 deesse
258 2796 304 2827 non
316 2783 401 2828 debeat
414 2784 444 2829 ad
456 2782 527 2828 vitam
538 2782 658 2828 commode
670 2782 809 2842 degendam,
821 2794 869 2829 tam
879 2782 975 2827 insanus
986 2797 1072 2838 essem,
1087 2784 1109 2829 ei

164 2845 264 2891 scribere
275 2860 354 2891 versus
366 2848 459 2893 mallem
471 2861 542 2907 quam
553 2848 578 2892 in
590 2848 653 2892 diem
663 2847 772 2900 dormire,
784 2855 811 2892 ut
821 2848 970 2906 quantumvis
980 2856 1017 2893 est
1024 2847 1108 2894 cientes

165 2925 285 2970 nunqnam
297 2919 374 2969 posset
385 2912 441 2957 satis
452 2927 489 2957 me
500 2927 635 2972 expurgare,
647 2920 730 2961 ustum
741 2912 846 2957 febrilem
858 2911 1010 2969 refrigerare)
1046 2912 1107 2958 Ptin.

164 2976 204 3031 25,
221 2974 257 3031 12,
283 2976 368 3021 cnutae
388 2978 467 3023 semini
486 2983 509 3024 et
523 2975 591 3037 soliis
611 2972 785 3036 rqt'rigerotorio
804 2978 889 3023 ein-
904 2973 1008 3038 [euntes]
1038 2977 1107 3023 Ouid.

164 3042 194 3085 A.
215 3040 243 3085 A.
264 3039 319 3093 362,
342 3039 442 3087 Ludite:
463 3048 538 3087 eunt
558 3042 614 3087 unni
632 3056 691 3087 errore
707 3043 802 3101 ‚tuentis
820 3056 933 3102 aquae.—
946 3036 1105 3103 [extorquere]

165 3104 253 3150 ‘invito
275 3103 349 3160 mihi:
372 3118 419 3163 quo
439 3120 461 3151 v.
479 3105 596 3165 significat
612 3120 638 3151 se
659 3106 734 3151 multo
753 3105 828 3164 magis
847 3105 946 3150 retinere
966 3119 1053 3165 cupere
1072 3106 1108 3152 ie·

164 3170 274 3215 cultatem
284 3168 398 3229 poeticam
415 3183 485 3228 quam
497 3177 572 3217 cetero
583 3171 674 3217 ludicro
687 3168 762 3231 (Epp.
775 3170 797 3227 l,
809 3169 831 3224 l,
845 3168 931 3230 10).—
940 3166 1010 3230 [quid
1016 3167 1107 3231 socio·

163 3235 198 3279 eis
205 3230 230 3295 2]
248 3234 310 3280 ‘Sed
321 3233 451 3279 cedendum
462 3243 497 3279 est
508 3235 654 3281 necessitati!

196 3298 235 3352 58,
254 3299 293 3346 59.
317 3293 447 3359 [camnine]
474 3300 573 3357 ‘genere
594 3299 685 3357 lyrico,'
707 3305 734 3344 ut
751 3298 782 3344 ed
805 3298 899 3344 Florum
920 3297 1025 3343 scribens
1044 3298 1105 3361 lipp.

166 3361 188 3416 l,
198 3362 221 3418 3,
233 3363 273 3418 at,
288 3378 329 3410 eeu
342 3364 420 3409 condi
433 3363 529 3409 anubin
544 3379 680 3409 eornren-
690 3359 796 3424 [uentu]
814 3364 857 3408 ‘ad
870 3362 1005 3408 Archilochi
1024 3378 1106 3410 exeni-

163 3428 215 3485 plar
226 3427 366 3487 compositis,
378 3437 404 3474 nt
418 3435 472 3473 sunt
485 3428 579 3487 Epodi.’
587 3451 620 3460 -
630 3423 749 3488 [Bioneis]
768 3428 827 3473 bion
838 3427 1024 3486 Borysthenites,
1036 3428 1106 3474 disci·

163 3491 234 3549 polus
246 3492 409 3551 Theophrasti,
425 3493 544 3551 exemplar
560 3492 667 3551 Luciani,
681 3492 760 3538 floruit
770 3493 831 3538 circa
842 3492 878 3537 01.
892 3491 945 3546 120,
961 3492 1106 3550 Cyrenaica,

164 3561 217 3614 post
238 3555 333 3615 Cpnicoe
350 3566 419 3604 secta
440 3557 554 3604 addictus.
592 3556 660 3616 Diog.
684 3557 761 3603 baert.
778 3557 802 3614 t,
818 3558 864 3602 52:
887 3554 988 3618 brioude
1010 3553 1045 3613 ἦν
1067 3554 1106 3604 sei
