2442 4059
187 280 208 339 2
466 294 664 338 sarmarum
687 294 753 338 ara.
770 296 793 338 1.
812 279 839 338 l.

190 446 391 509 Percurram:
421 447 620 531 (quamquam
636 445 787 510 ridentem
802 445 904 510 dicere
919 470 1025 511 verum

189 532 276 607 Quid
292 530 398 596 vetat?
421 545 455 596 ut
470 532 572 617 pueris
587 532 661 596 olim
676 532 750 596 dant
764 532 897 597 crustula
911 532 1015 597 blandi
1078 536 1119 595 ‘25

187 618 350 693 Ductorem
367 617 520 681 elementa
535 617 632 681 velint
646 630 681 681 ut
694 618 811 681 discere
826 618 957 703 prima3)

189 703 251 767 Sed
267 714 369 767 tamen
384 716 486 767 amoto
501 725 672 788 quaeramus
686 704 765 767 seria
778 703 860 767 ludo.

188 788 256 865 Ille,
273 812 398 875 gravem
413 790 489 853 duro
504 803 615 854 terram
631 788 684 873 qui
700 789 793 854 vertit
805 802 915 866 aratro,

189 874 329 939 Perfidus
345 876 394 939 hic
409 897 515 961 caupo,
531 875 629 951 miles,
646 886 818 959 nautaeque,
835 896 996 960 parumne

189 960 330 1025 Audaces
347 984 428 1025 mare
444 962 496 1047 qui
512 974 648 1037 currunt,
664 960 721 1025 hac
735 974 839 1025 mente
854 961 989 1025 laborem
1079 965 1120 1023 30

190 1047 265 1110 Sese
279 1047 369 1123 ferre,
386 1069 475 1111 senes
491 1047 571 1111 utin
587 1046 650 1110 otia
665 1059 732 1111 tuta
745 1046 899 1124 recedant,
1000 1110 1003 1123 ,

190 1134 299 1209 Aiunt,
317 1156 411 1217 quum
428 1133 486 1197 sibi
501 1134 724 1219 sintcongesta
738 1132 869 1197 cibaria:
892 1132 972 1197 sicut

190 1218 322 1282 Parvula
340 1223 423 1303 (uam
439 1218 581 1303 exemplo
597 1222 657 1299 est)
675 1218 779 1305 magui
794 1219 921 1282 formica
935 1217 1045 1282 laboris

191 1303 255 1367 Ore
272 1305 372 1381 trahit,
389 1305 593 1390 quodcunque
608 1317 719 1390 potest,
735 1318 829 1389 atque
843 1304 928 1368 addit
941 1326 1061 1381 acervo,

157 1388 161 1394 ’
190 1389 294 1464 Quem
310 1392 410 1467 struit,
427 1390 507 1454 haud
521 1391 629 1477 ignara
642 1413 679 1454 ac
693 1413 755 1456 non
769 1390 892 1454 incauta
906 1390 1010 1453 futuri.
1080 1393 1121 1452 35

190 1475 281 1553 Quae,
297 1477 388 1541 simul
403 1477 557 1540 inversum
572 1476 731 1541 contristat
747 1476 901 1561 Aquarius
915 1498 1049 1559 annum,

191 1562 264 1625 Nou
281 1585 407 1648 usquam
423 1562 569 1648 prorepit,
586 1575 619 1626 et
632 1562 693 1626 illis
709 1561 804 1627 utitur
817 1574 889 1625 ante

191 1648 337 1723 Quaesitis
352 1648 492 1733 sapiens;
515 1670 610 1733 quum
626 1659 657 1712 te
674 1646 923 1733 neque-fervidus
937 1661 1029 1711 aestus

191 1734 365 1799 Demoveat
381 1735 474 1810 lucro,
491 1756 593 1819 neque
609 1733 716 1808 hiems,
732 1733 823 1818 ignis,
839 1756 931 1811 mare,
947 1733 1080 1810 ferrum3

191 1820 245 1882 Nil
260 1819 361 1885 obstet
375 1819 442 1896 tibi,
458 1819 531 1883 dum
546 1842 586 1883 ne
601 1819 642 1883 sit
656 1831 686 1883 te
701 1820 792 1884 ditior
805 1820 892 1883 alter.
989 1870 992 1875 .
1081 1825 1123 1884 40

190 1904 275 1980 Quid
286 1908 376 1991 juvat
391 1905 574 1969 immensum
589 1917 621 1969 te
635 1905 757 1991 argenti
771 1904 891 1991 pondus
905 1917 937 1969 et
949 1905 1017 1969 auri

189 1990 308 2055 Furtim
324 1991 441 2055 defossi
457 1991 597 2055 timidum
613 1991 767 2076 deponere
782 1989 889 2055 terrai?

189 2077 282 2152 Quod
298 2077 323 2141 si
339 2077 536 2154 comminuas,
553 2077 645 2141 vilem
661 2078 817 2163 redigatur
831 2076 869 2141 ad
884 2097 992 2140 assem.

188 2166 242 2237 At,
259 2164 291 2226 ni
306 2163 338 2227 id
353 2163 396 2238 lit,
413 2163 487 2247 quid
502 2157 596 2227 habet
610 2162 730 2248 pulchri
746 2173 936 2228 constructus
950 2160 1102 2228 acervus?

189 2248 293 2313 Millia
307 2249 454 2313 frumeuti
469 2262 522 2313 tua
537 2248 657 2313 triverit
669 2271 741 2312 area
755 2260 890 2324 centum,
1081 2251 1124 2311 45

188 2334 261 2397 Nou
277 2347 347 2399 tuus
362 2335 420 2398 hoc
435 2336 537 2420 capiet
550 2347 658 2399 venter
672 2334 751 2420 plus,
767 2357 803 2399 ac
817 2357 923 2398 meus:
948 2346 982 2399 ut
995 2335 1023 2399 si

190 2420 368 2484 Reticulum
385 2421 471 2506 panis
487 2421 610 2485 venales
625 2421 707 2485 inter
722 2433 832 2485 onusto

189 2506 282 2570 Forte
299 2505 391 2570 vehas
406 2506 542 2583 humero,
558 2506 655 2571 nihilo
669 2508 739 2592 plus
752 2506 894 2592 accipias,
911 2528 1004 2592 quam

189 2592 256 2667 Qui
271 2593 315 2655 nil
329 2592 465 2678 portarit.
507 2592 568 2657 Vel
583 2592 642 2669 dic,
658 2593 732 2677 quid
747 2593 861 2657 referat
874 2595 954 2657 intra

190 2678 318 2743 Naturae
332 2679 409 2743 fines
423 2678 550 2754 viventi,
562 2680 675 2765 jugera
690 2691 813 2743 centum
828 2701 868 2741 an
1081 2681 1124 2740 50

191 2764 283 2828 Mille
298 2763 389 2828 aret?
433 2765 478 2839 At
491 2787 584 2828 suave
600 2778 700 2828 estex
716 2786 828 2848 magno
843 2763 950 2828 tollere
964 2784 1085 2826 acervo.

75 2845 79 2854 ’
123 2872 126 2877 ·
190 2850 277 2913 Dum
294 2873 333 2913 ex
347 2872 441 2935 parvo
456 2850 544 2914 nobis
559 2849 749 2915 tantumdem
764 2849 885 2913 haurire
901 2848 1065 2932 relinquas,

191 2936 256 2999 Cur
271 2950 324 3001 tua
338 2937 407 3022 plus
421 2936 527 3001 laudes
541 2936 672 2999 cumeris
686 2935 827 3022 granaria
840 2932 976 2999 uostris?

190 3022 237 3087 Ut
252 3023 307 3087 tibi
322 3024 348 3086 si
362 3022 402 3087 sit
416 3043 492 3107 opus
507 3021 616 3107 liquidi
630 3042 691 3085 uon
706 3020 837 3106 amplius
851 3020 940 3097 urmi,

189 3108 250 3171 Vel
265 3108 386 3195 cyatho,
403 3120 435 3171 et
449 3108 550 3171 dicas:
578 3106 701 3193 Magno
716 3106 754 3170 de
769 3106 896 3170 flumine
911 3104 1045 3181 mallem,
1081 3108 1124 3167 55

190 3194 293 3269 Quam
309 3217 349 3257 ex
365 3194 422 3257 hoc
435 3192 585 3258 fonticulo
602 3192 790 3257 tantumdem
805 3214 936 3257 sumere.
982 3190 1031 3255 Eo
1046 3188 1091 3267 fit,

191 3280 316 3344 Plenior
332 3292 366 3343 ut
379 3279 405 3343 si
421 3302 497 3364 quos
512 3278 646 3343 delectet
659 3278 747 3364 copia
756 3301 770 3364 J
776 3289 853 3355 usto,

190 3367 270 3431 Cum
286 3366 352 3450 riph
368 3366 458 3429 simul
472 3364 592 3429 avulsos
606 3364 685 3428 ferat
700 3364 832 3429 Aufidus
846 3385 927 3429 acer.

189 3456 235 3516 At
249 3452 302 3536 qui
317 3450 428 3515 tantuli
442 3463 524 3536 eget,
541 3462 658 3535 quanto
673 3462 720 3515 est
734 3473 820 3536 opus,
836 3451 863 3515 is
877 3470 980 3535 neque
994 3447 1067 3512 limo

189 3538 360 3685 Turbatqm
395 3536 495 3601 haurit
526 3559 649 3622 aquam,
679 3559 782 3623 neque
816 3536 911 3603 vitam
944 3533 1058 3601 amittit
1090 3534 1125 3597 in

272 3645 313 3685 uu
336 3622 371 3685 hs.
1081 3624 1125 3682 60
