2442 4059
425 584 860 652 EPISTOLARUM

484 771 611 830 LIBER
633 774 800 832 PRIMUS.

564 950 703 962 *-

544 1066 703 1114 rarissumi
722 1067 742 1114 Ι.

173 1236 277 1284 Ascua.
296 1237 421 1294 Compacto
441 1247 496 1280 sanc
518 1232 580 1279 inter
598 1233 723 1279 Horatium
739 1241 763 1280 et
780 1233 932 1280 Maecenatem
950 1232 1002 1280 boec
1019 1235 1118 1295 epistola

172 1302 257 1362 scripta
268 1310 310 1357 est,
329 1299 525 1359 quemadmodum
537 1298 623 1354 omnia,
641 1313 694 1357 quoe
707 1299 737 1345 ad
754 1313 834 1345 eorum
852 1299 1048 1345 necessitudinem
1063 1315 1117 1360 per·

172 1368 285 1422 tinebant,
304 1375 428 1424 antequam
444 1365 575 1418 ederentur,
593 1377 647 1408 eum
660 1364 788 1409 Maecenate
804 1364 974 1409 communicata
992 1377 1043 1410 esse
1059 1379 1116 1411 oon·

172 1441 310 1478 sentaneum
328 1439 370 1476 est.
403 1429 456 1475 lam
475 1443 547 1487 quum
569 1436 648 1474 essent
665 1441 711 1473 non
731 1428 808 1487 pauci,
827 1429 867 1488 qui
886 1428 1028 1475 mirarentur
1045 1438 1118 1490 atque

172 1496 243 1542 etiam
260 1501 458 1554 conquererentur
472 1493 536 1539 nulla
552 1501 593 1538 aut
608 1492 748 1552 paucissima
765 1494 867 1539 carmina
885 1493 958 1553 lyrica
975 1496 1004 1539 ab
1018 1495 1118 1542 Horatio

173 1560 288 1620 componi,
305 1560 351 1613 hic,
367 1561 425 1604 dum
442 1557 594 1618 philosophie
610 1557 655 1603 sibi
673 1557 763 1617 placitae
777 1559 893 1618 precipue
905 1573 996 1612 vacans,
1013 1573 1056 1619 per
1074 1560 1118 1606 bos

172 1623 310 1670 maturiores'
326 1624 380 1670 vitre
398 1637 471 1669 annos
485 1618 588 1684 (circiter
602 1634 625 1667 a.
634 1634 689 1668 rac.
701 1621 849 1683 rau-746.)
868 1623 1027 1682 Epistularum
1040 1626 1117 1683 poeti·

173 1703 252 1735 carum
268 1703 342 1747 genus
359 1703 445 1736 novum
463 1687 549 1743 condit,
567 1685 652 1747 partim
669 1682 723 1733 κατ’
738 1683 874 1749 εἰρωνείαν,
892 1688 977 1748 partim
995 1703 1025 1734 ex
1042 1689 1117 1735 animi

173 1754 290 1800 sententia
312 1753 446 1799 hominibus
466 1753 512 1798 illis
534 1766 605 1812 prope
625 1751 696 1797 nimia
713 1753 832 1799 benevolis
850 1753 983 1813 respondet„
1016 1753 1119 1801 Simulat

173 1826 253 1864 autem
268 1815 317 1865 sese
331 1819 360 1864 de
379 1819 463 1864 talibus
480 1817 581 1876 querelis
599 1816 665 1876 quasi
683 1819 830 1876 expostulare
848 1833 901 1864 cum
919 1826 1014 1878 potente
1032 1819 1118 1874 amico,

173 1897 273 1942 quocum
284 1882 385 1944 primum
397 1884 425 1928 ei
437 1883 466 1927 de
479 1896 504 1926 re
518 1883 653 1937 collocutos,
671 1881 756 1928 deinde
770 1883 868 1943 epistolii
884 1883 935 1942 ipsi
952 1882 1059 1939 recitati,
1076 1899 1119 1944 pro

173 1949 237 2002 verri,
249 1949 295 2006 qod
306 1947 401 1993 interae
414 1949 545 2002 utebantur,
561 1946 718 1992 familiaritate
729 1948 814 2007 saepius
821 1949 912 2007 locatus
924 1955 980 2001 erat,
997 1947 1023 1993 in
1035 1949 1119 2008 primia

173 2013 202 2058 de
214 2012 274 2058 salsis
286 2011 414 2057 Stoicorum
430 2010 545 2066 irrisione,
561 2011 608 2070 qui
626 2018 701 2056 toturn
718 2012 801 2057 horum
817 2013 951 2072 disputandi
969 2027 1044 2070 genus
1059 2015 1117 2060 dum

172 2076 246 2124 facete
254 2077 359 2123 imitatur
367 2076 434 2122 ludia
441 2099 474 2108 —
481 2075 571 2135 Scripta
579 2075 811 2122 videturWeicherto
822 2090 846 2123 a.
855 2089 880 2122 υ.
887 2089 908 2122 c.
920 2076 976 2132 737,
984 2076 1118 2124 Kircbnero

173 2155 198 2189 a.
208 2154 232 2188 u.
242 2155 263 2189 e.
274 2141 330 2196 739.

207 2207 276 2254 1-3.
294 2201 400 2269 [Priora]
415 2206 493 2265 ‘cujus
503 2205 584 2250 laudes
596 2211 623 2250 ut
632 2204 747 2265 prioribus
753 2207 804 2266 Jam
815 2204 873 2252 meis
884 2205 1026 2251 carminibus
1037 2207 1118 2266 lyricis

173 2273 304 2332 praedicavi,
321 2273 355 2318 ita
368 2272 392 2316 in
407 2281 532 2330 posterum,
551 2270 608 2315 dum
625 2284 734 2316 concessa
748 2270 806 2315 mihi
824 2271 869 2316 erit
879 2271 933 2325 vita,
948 2285 1041 2330 semper
1055 2285 1118 2331 prae.

173 2337 270 2383 dicabo!
305 2338 348 2383 Eat
366 2336 430 2382 velut
449 2335 599 2395 proverbialis
615 2332 925 2395 formula—2[Spectolrsm]
950 2336 1054 2381 Verbum
1073 2335 1118 2383 hoc

173 2412 209 2447 eat
219 2402 338 2462 proprium
349 2402 378 2447 de
393 2399 560 2460 gladiatoribus
576 2413 637 2459 saepe
649 2399 774 2445 victoribus
784 2409 854 2459 atque
865 2415 879 2446 a
890 2401 975 2460 populo
986 2400 1116 2458 celebratis,

173 2468 230 2512 noti
242 2468 283 2513 sP.
296 2479 431 2526 expressum
443 2466 467 2510 in
479 2465 579 2520 tesseris,
597 2479 650 2523 quse
665 2464 750 2510 talibus
762 2464 858 2511 honoria
871 2465 940 2511 causi
951 2466 1076 2511 dabantur.
1084 2489 1117 2500 -

175 2526 257 2592 [rode]
274 2530 421 2576 Gladiatores
430 2530 561 2588 postulante
570 2529 657 2588 populo
666 2529 691 2574 iu
699 2528 871 2588 amphitheatro
882 2544 896 2574 a
908 2530 1016 2575 ludorum
1025 2530 1117 2577 editore

172 2595 317 2655 accipiebant
332 2597 410 2641 rudem
427 2591 453 2654 (a
469 2595 512 2640 rod
528 2608 555 2639 or
567 2591 626 2653 soil)
643 2593 668 2638 in
685 2593 778 2652 signum
795 2595 997 2649 exauctorationis,
1014 2595 1035 2640 si
1050 2594 1118 2641 liberi

173 2667 247 2712 erant,
264 2660 284 2705 si
301 2659 369 2715 servi,
387 2659 504 2704 missionis
521 2657 577 2704 artis
594 2658 746 2716 gladiatoriae,
764 2661 951 2718 vocabanturque
966 2661 1118 2706 rudiarii.-

174 2721 253 2785 [ludo]
271 2724 429 2783 ‘gladiatoria
446 2723 485 2768 ribi
498 2723 563 2780 quasi
574 2722 678 2768 inclusus
689 2723 713 2767 in
725 2723 784 2769 cellis
795 2725 838 2769 sub
849 2724 934 2769 laniati
945 2724 1020 2769 rivam
1034 2724 1116 2784 hujus·

173 2803 219 2848 que
229 2788 342 2834 arbitratu
353 2789 377 2834 in
390 2802 483 2834 arenam
495 2787 651 2833 descendam?
678 2785 733 2833 Sine
745 2788 860 2847 imagine:
879 2788 968 2833 ‘Miror
979 2797 1002 2834 te
1013 2789 1117 2836 aliumve

173 2855 250 2916 denuo
265 2855 368 2899 carmina
378 2868 392 2898 a
403 2868 441 2899 me
456 2854 580 2913 postulare,
599 2866 672 2911 quum
685 2855 736 2912 jam
751 2861 775 2898 et
789 2853 867 2898 senior
878 2852 951 2899 factus
962 2853 1014 2909 sirn,
1026 2863 1052 2900 et
1062 2863 1117 2900 ante

173 2917 251 2964 omnia
262 2918 336 2963 otium
346 2933 457 2978 quaeram,
465 2918 490 2963 in
502 2932 548 2976 quo
560 2917 628 2963 unice
639 2916 759 2977 sapientire
768 2931 861 2972 vacem;
873 2926 986 2979 praterea
994 2918 1117 2977 poematia,

173 2997 226 3042 quae
242 2981 312 3038 edidi,
326 2982 395 3042 justis
412 2983 558 3042 popularium
577 2997 682 3029 meorum
700 2983 821 3042 postulatis
834 2985 885 3042 jam
900 2982 1040 3029 satisfecisse
1057 2982 1117 3029 milii
1209 2974 1210 3037 J

172 3047 267 3094 videor!
302 3047 330 3092 ln
341 3047 422 3107 primis
432 3057 509 3092 autem
521 3048 660 3094 abhorrebat
673 3060 688 3092 a
705 3046 846 3093 carminibus
862 3047 1017 3108 panegyricis,
1037 3048 1117 3107 qualia

172 3112 269 3158 sortasse
279 3113 309 3158 ab
319 3126 347 3157 eo
358 3113 559 3171 exspectabantur.

205 3177 228 3230 t,
239 3178 261 3223 b.
280 3173 364 3238 [merra]
382 3177 502 3222 ‘voluntas
513 3176 672 3235 studiumque,
688 3173 794 3238 quoipq!
802 3198 835 3209 -
845 3172 980 3238 [Veianius]
999 3179 1014 3202 “
1025 3177 1115 3223 Nobilis

172 3242 294 3300 gladiator,
316 3251 368 3301 post
389 3241 473 3286 multas
498 3242 586 3300 palmas
615 3242 753 3287 consecratis
777 3241 872 3286 Herculi
899 3241 1015 3287 Fundano
1040 3240 1115 3303 (apud

174 3307 269 3353 Fundos
279 3306 304 3353 iu
318 3306 384 3352 Latio
397 3306 472 3351 culto:
491 3306 561 3351 luscr.
573 3319 604 3351 m.
618 3305 668 3351 Lat.
680 3320 711 3351 m.
723 3304 806 3364 1539.)
816 3305 894 3360 armis,
906 3307 1001 3352 tandem
1012 3305 1039 3351 in
1051 3307 1113 3366 agel·

172 3371 221 3415 lum
244 3386 269 3418 se
291 3370 411 3418 contulit.”
444 3365 680 3430 Parma-[latet
696 3367 800 3431 abditus]
825 3373 945 3416 Summam
962 3370 1114 3417 solitudinem

172 3434 295 3494 significat,
305 3437 329 3481 in
341 3450 412 3495 quam
423 3434 461 3480 ille
473 3442 592 3480 caussatus
606 3433 703 3492 aliquid,
715 3436 778 3482 volut
795 3435 851 3493 lugd
868 3437 935 3494 capti
950 3450 975 3480 se
991 3433 1113 3481 abdiderit.
1209 3494 1210 3497 Ἰ

172 3497 284 3606 lSimiliter
296 3502 384 3558 Cicero,
398 3503 479 3547 Accua.
491 3499 514 3553 2,
527 3497 567 3555 73,
578 3500 652 3544 omnio
663 3499 697 3545 ito
707 3501 799 3546 condito
806 3497 882 3560 sousa
892 3507 960 3560 atque
971 3501 1006 3547 iio
1016 3502 1115 3547 obdita

122 3605 125 3612 Δ
187 3568 419 3691 “iiiiii-toties]
438 3629 487 3676 ‘Ut
506 3636 577 3675 totam
599 3641 649 3673 rem
673 3628 746 3674 seruel
766 3628 879 3688 transigat
900 3643 944 3675 nec
964 3628 1063 3676 sortasse
1084 3629 1115 3675 da
