2442 4059
152 237 195 297 94
406 251 648 296 nersrouanuu
669 250 737 295 orn.
752 253 790 296 11.
805 236 837 296 2.

153 399 287 464 Levabit
301 398 396 475 cultu,
411 399 525 464 virtute
540 399 675 464 carentia
688 399 793 464 tollet:

154 485 308 550 Ludentis
322 485 456 570 speciem
472 485 558 549 dabit
572 499 604 551 et
620 485 823 570 torquebitur,
839 482 943 569 utqui

153 571 249 636 Nunc
265 572 421 657 Satyrum,
438 593 521 635 nunc
534 583 688 672 agrestem
706 571 844 658 Cyclopa
859 581 1009 634 movetur.

154 657 348 722 Praetulerim
364 657 494 742 scriptor
508 658 625 721 delrrus
639 680 784 742 inersque
799 655 907 731 rideri,
1032 655 1094 716 125
1210 652 1211 667 ¹

158 743 242 806 Dum
258 766 327 807 mea
341 742 497 807 delectent
510 743 590 808 mala
605 766 666 819 me,
683 744 732 807 vel
747 743 882 828 denique
897 741 1016 813 fallant,

155 828 259 904 Quam
275 852 383 914 sapere
398 845 430 894 et
444 829 535 916 ringi.
581 828 658 893 Fuit
671 829 751 893 baud
767 827 913 915 ignobilis
928 826 1035 914 Argis,

155 915 222 990 Qui
236 937 269 978 se
284 914 429 980 credebat
442 915 534 980 miros
547 916 655 980 audire
669 915 833 1001 tragoedos,

154 1001 193 1065 In
209 1024 306 1066 vacuo
320 1002 408 1066 laetus
423 1024 522 1066 sessor
535 1002 721 1087 plausorque
735 1001 874 1077 theatro;

156 1088 269 1152 Cetera
283 1087 338 1174 qui
353 1087 424 1152 vitae
438 1100 574 1151 servaret
587 1087 693 1152 munia
707 1098 792 1150 recto
1032 1086 1094 1147 130

156 1173 269 1251 More;
294 1178 391 1238 bonus
405 1195 479 1237 sane
494 1173 624 1250 vicinus,
639 1173 781 1238 amabilis
795 1171 915 1257 hospes,

156 1258 262 1324 Cornis
276 1260 308 1323 in
325 1281 462 1335 uxorem,
479 1271 582 1343 posset
596 1259 650 1345 qui
665 1260 825 1347 ignoscere
839 1258 946 1335 servis,

156 1344 200 1410 Et
213 1347 303 1433 signo
317 1345 390 1410 laeso
405 1367 466 1409 non
482 1345 616 1410 insanire
630 1345 751 1432 lagenae
759 1368 768 1421 3

157 1431 267 1496 Posset
281 1432 336 1517 qui
351 1454 459 1518 rupem
474 1443 506 1496 et
521 1445 648 1517 puteum
664 1431 761 1495 vitare
776 1439 944 1516 patentem.

156 1517 220 1582 Hic
235 1518 287 1582 ubi
303 1541 339 1582 co
362 1531 503 1583 natorum
517 1518 629 1603 opibus
643 1516 786 1602 curisque
801 1515 934 1580 refectus
1034 1518 1095 1580 135

157 1602 289 1688 Expulit
303 1543 461 1669 heileboro
475 1604 615 1667 morbum
633 1602 788 1687 bilemque
803 1623 933 1679 meraco,

156 1687 201 1752 Et
214 1689 294 1755 redit
307 1690 346 1754 ad
360 1712 437 1765 sese,
454 1685 544 1765 ‘Pol
560 1713 605 1753 me
619 1691 776 1765 occidistis,
792 1691 893 1765 amici,

155 1775 227 1838 Non
241 1779 389 1852 servastis,
404 1775 458 1849 uit,
474 1778 523 1838 cui
536 1778 579 1838 ric
593 1785 708 1838 extorto
722 1777 865 1858 voluptas,

154 1862 201 1923 Et
214 1863 347 1944 demptos
355 1884 412 1945 per
425 1863 486 1923 uim
501 1863 605 1924 mentis
616 1863 808 1946 protisrimus
820 1861 923 1924 error?

158 1945 312 2010 Nimirum
328 1968 435 2030 sapere
450 1959 498 2011 est
511 1947 640 2032 abjectis
655 1946 731 2011 utile
746 1946 849 2096 nupia,
1034 1947 1095 2009 140

156 2031 200 2096 Et
215 2032 431 2117 tempestivum
446 2031 550 2117 pueris
565 2033 734 2098 concedere
749 2034 781 2097 lu
805 2055 873 2108 um,

156 2122 206 2182 Ac
221 2141 282 2182 non
297 2118 391 2182 verba
404 2119 493 2202 sequi
507 2117 619 2183 fidibus
634 2119 820 2183 modulanda
836 2116 966 2194 Latinis,

158 2205 220 2268 Sed
235 2226 317 2269 veras
330 2226 536 2289 numerosque
551 2204 719 2290 modosque
735 2205 871 2268 ediscere
886 2203 966 2269 vitae.

157 2290 313 2366 Quocirca
326 2312 445 2354 mecum
462 2290 571 2375 loquor
585 2289 660 2367 haec,
674 2291 846 2375 tacitusque
861 2290 1015 2354 recordor:

159 2377 193 2440 Si
209 2376 264 2442 tibi
279 2376 364 2441 nulla
377 2375 460 2440 sitim
476 2375 579 2442 finiret
592 2376 681 2461 copia
695 2376 839 2463 lymphae,
1034 2378 1096 2438 145

160 2462 307 2526 Narrares
322 2462 466 2526 medicis:
489 2463 583 2548 quod,
599 2474 716 2548 quanto
730 2463 819 2548 plura
833 2460 956 2548 parasti,

158 2549 262 2612 Tanto
276 2549 365 2633 plura
379 2549 475 2634 cupis,
492 2547 610 2613 nulline
626 2548 750 2613 faterier
764 2547 883 2612 audes?

159 2634 194 2697 Si
209 2634 320 2698 vulnus
335 2634 391 2697 tibi
406 2634 572 2700 monstratd
589 2634 691 2699 radice
706 2634 756 2698 vel
771 2633 877 2711 herbel,

159 2719 230 2783 Non
249 2719 337 2784 fieret
351 2719 458 2797 levius,
475 2720 600 2807 fugeres
615 2720 717 2785 radice
732 2721 782 2783 vel
797 2719 904 2798 berbi,

159 2805 346 2870 Proficiente
362 2804 447 2881 nihil,
465 2807 606 2870 curarier.
653 2805 817 2884 Audieras,
833 2807 884 2871 cui
1034 2808 1096 2868 150

160 2891 242 2955 Rem
257 2890 289 2955 dl
304 2891 456 2969 donarint,
473 2892 518 2955 illi
533 2892 684 2957 decedere
700 2915 823 2979 pravam

160 2976 350 3053 Stultitiam;
374 2989 416 3055 ct,
432 3001 529 3064 quum
543 2979 585 3044 sis
599 2979 696 3043 nihilo
710 2978 888 3064 sapientior,
905 3000 945 3041 cx
960 2998 1022 3062 quo

160 3063 286 3129 Plenior
301 3084 344 3139 ee,
361 3076 463 3128 tamen
480 3065 574 3129 uteris
588 3065 791 3130 monitoribus
804 3062 928 3129 isdem?

161 3155 206 3215 At
220 3150 245 3214 si
261 3148 376 3214 divitias
390 3150 572 3234 prudentem
588 3151 717 3216 reddere
732 3162 868 3237 possent,

162 3237 196 3300 Si
211 3234 356 3322 cupidum
372 3235 576 3322 timidumque
591 3236 693 3301 minus
709 3250 750 3313 te,
767 3259 880 3322 nempe
894 3236 1030 3311 tuberes,

160 3323 291 3387 Viveret
305 3322 336 3385 in
353 3321 441 3384 terris
457 3335 487 3385 te
501 3323 527 3386 si
542 3323 611 3408 quls
626 3323 744 3387 avarior
760 3345 830 3386 uno.
1036 3323 1097 3383 156

163 3408 197 3472 Si
212 3407 368 3493 proprium
384 3420 440 3483 est,
457 3407 539 3491 quod
554 3407 624 3492 quis
639 3409 715 3473 librrl
731 3421 883 3472 mercatus
897 3418 931 3472 et
943 3430 1004 3473 aere
1018 3421 1076 3484 est,

54 3565 59 3576 ,
163 3492 325 3570 Quaedam,
341 3493 366 3556 si
382 3491 480 3556 credis
496 3493 653 3570 consultis,
669 3494 824 3580 mancipat
838 3516 928 3558 usus:

164 3577 229 3654 Qui
244 3591 275 3643 te
289 3579 387 3664 pascit
400 3599 485 3666 ager,
502 3590 573 3643 tuus
587 3591 652 3657 est3
675 3593 708 3645 et
721 3580 842 3646 villicus
858 3577 950 3657 Orbi,
