2442 4059
169 265 232 326 lou
436 275 601 321 errsroun
623 275 669 318 nu
692 273 844 318 meones.

171 434 254 499 Rem
268 429 385 518 poteris
398 451 521 494 serrare
535 441 632 492 tuam.
676 425 775 490 Redit
788 425 891 500 uncia,
905 423 983 510 qnid
997 422 1060 488 fit?

173 520 285 585 Sennis.
331 522 376 581 At
391 516 456 580 haec
469 515 589 578 animos
602 535 710 599 aerugo
725 527 758 576 et
770 535 845 575 cura
859 511 962 597 peculi
1047 515 1119 576 33⁰

172 606 280 681 Quum
296 604 392 668 semel
407 602 564 678 imbuerit,
579 622 740 686 speramus
754 601 891 662 earmina
904 597 983 684 fiugi

174 693 271 757 Posse
286 691 413 754 linenda
427 687 528 762 cedro,
545 701 579 752 et
592 685 654 751 leri
668 684 819 749 servanda
832 683 1002 769 cupresso?

217 779 284 841 Aut
298 777 444 862 prodesse
460 774 578 849 volunt,
593 787 649 837 aut
662 773 819 836 delectare
832 785 945 857 poetae,

175 866 242 928 Aut
255 862 347 926 simul
363 874 396 926 et
405 860 546 946 jucunda
559 873 592 924 et
605 861 718 922 idonea
731 858 835 921 dicere
851 858 931 920 vitm·

175 949 338 1033 Quidquid
354 946 524 1034 praecipies,
541 961 608 1011 esto
624 945 735 1020 brevis,
753 961 789 1007 ut
802 944 865 1008 cito
878 943 962 1006 dictu
1055 945 1121 1005 33⁵

177 1036 357 1120 Percipient
369 1034 464 1098 animi
479 1033 603 1108 dociles,
619 1044 811 1115 teneantque
827 1029 954 1093 fideles:

176 1121 282 1186 Omne
296 1141 520 1206 supervacuum
536 1119 632 1203 piene
645 1118 685 1180 de
699 1132 826 1202 pectore
841 1129 955 1179 manat.

177 1207 267 1272 Ficta
281 1207 448 1292 voluptatis
463 1206 554 1269 causi
569 1205 634 1268 sint
646 1203 787 1289 proxima
800 1203 892 1276 veris,

178 1294 257 1370 Nec,
273 1294 482 1379 quodcunque
496 1292 590 1366 volet,
606 1305 714 1377 poscet
726 1289 787 1352 sibi
800 1289 905 1352 fabula
918 1290 1023 1362 credi:

178 1380 251 1444 Neu
266 1401 385 1464 pransae
401 1378 520 1442 Lamiae
534 1378 639 1440 vivum
654 1397 785 1462 puerum
801 1377 944 1440 extrahat
956 1377 1037 1441 uiro.
1058 1378 1124 1438 ³4⁰

180 1466 339 1530 Centuriae
353 1465 508 1529 seniorum
524 1464 646 1549 agitant
659 1462 801 1547 expertia
814 1463 932 1547 frugis3

180 1551 265 1616 Celsi
281 1565 469 1636 praetereunt
482 1565 605 1614 austera
620 1561 763 1634 poemata
781 1549 937 1612 Ramnes:

178 1639 286 1701 Omne
302 1638 373 1702 tulit
388 1651 537 1722 punctum
553 1636 608 1721 qui
624 1635 749 1698 miscuit
763 1634 839 1698 utile
853 1634 948 1712 dulci,

180 1723 344 1788 Lectorem
360 1721 543 1786 delectando
558 1721 736 1806 pariterque
752 1720 917 1784 mouendo.

181 1810 246 1875 Hic
260 1822 360 1874 meret
373 1831 435 1873 aera
449 1808 527 1872 liber
544 1808 660 1884 Sosiis3
683 1808 734 1870 hic
748 1819 782 1870 et
796 1828 880 1870 mare
894 1806 1012 1882 transit,
1060 1809 1126 1869 345
1215 1868 1216 1895 ,

181 1895 225 1960 Et
239 1896 367 1980 longum
384 1909 458 1958 noto
472 1893 615 1978 scriptori
629 1907 776 1979 prorogat
787 1915 900 1956 aevum.

183 1983 264 2046 Sunt
278 1981 392 2046 delicta
406 1991 520 2055 tamen,
537 1978 652 2064 quibus
666 1980 821 2065 ignovisse
837 1980 986 2043 velimus:

183 2066 265 2133 Num
281 2089 384 2152 neque
399 2066 513 2130 chorda
527 2087 638 2129 sonum
652 2066 765 2142 reddit,
781 2087 875 2150 quem
885 2066 953 2130 vuit
967 2085 1080 2128 manus
1094 2075 1128 2128 et

183 2175 393 2325 Poseiiriiqsie
407 2259 534 2326 gravem
549 2259 690 2323 persepe
704 2237 836 2303 remittit
847 2250 994 2311 acutum3

183 2325 253 2391 Nec
267 2347 390 2411 semper
405 2325 495 2389 feriet
509 2323 719 2410 quodcunque
733 2325 901 2388 minabitur
915 2346 1013 2387 arcus.
1063 2325 1130 2386 350

84 2471 88 2478 .
182 2412 302 2476 Verum
320 2412 371 2476 ubi
387 2412 477 2498 plura
491 2410 593 2475 nitent
606 2410 639 2472 in
654 2411 800 2487 carmine,
817 2433 880 2474 non
895 2432 956 2497 ego
970 2409 1080 2496 paucis

184 2497 336 2563 Offendor
352 2497 488 2573 maculis,
506 2518 582 2582 quas
596 2509 651 2560 aut
665 2497 784 2561 incuria
798 2497 887 2574 fudit,

185 2585 252 2648 Aut
267 2584 401 2646 humana
415 2605 523 2668 parum
539 2583 621 2646 cavit
636 2596 754 2646 ustura.
799 2583 887 2658 Quid
902 2604 978 2669 ergo
993 2579 1066 2645 est?

185 2668 235 2734 Ut
248 2668 378 2753 scriptor
392 2669 419 2746 si
433 2680 542 2754 peccat
555 2668 639 2732 idem
656 2668 798 2732 librarius
812 2693 921 2753 usque,

185 2754 340 2830 Quamvis
355 2766 402 2819 est
416 2755 561 2830 monitus,
579 2755 671 2818 venii
684 2767 787 2830 caret;
808 2768 844 2819 ut
857 2751 1045 2819 citharoedus
1064 2756 1132 2816 355

187 2840 333 2916 Ridetur‚
348 2840 464 2906 chorda
478 2839 533 2924 qui
547 2861 671 2926 semper
685 2839 808 2905 oberrat
822 2841 953 2907 eisdem:

187 2925 241 2992 Sic
255 2926 341 3003 mihi,
359 2927 413 3012 qui
428 2927 560 2990 multum
575 2939 683 3002 cessat,
699 2926 736 2989 fit
747 2927 909 2990 'Choerilus
923 2926 985 3002 ille,

187 3012 293 3088 Quem
310 3012 356 3076 bis
371 3028 481 3097 terque
497 3013 611 3076 bonum
628 3035 698 3076 cum
714 3013 776 3076 risu
792 3013 903 3087 miror;
925 3025 959 3076 et
973 3010 1057 3074 idem

187 3098 349 3184 Indignor,
366 3098 554 3183 quandoque
569 3099 668 3163 bonus
682 3098 828 3163 dormitat
845 3098 1012 3161 Homerus.

187 3184 307 3249 Verum
322 3183 408 3269 operi
423 3184 517 3284 lungo
531 3184 577 3248 fas
592 3196 641 3249 est
653 3184 804 3270 obrepere
818 3205 971 3250 somnum.
1066 3186 1133 3246 360

190 3271 238 3336 Ut
252 3270 381 3356 pictura,
398 3291 516 3354 poesrs3
540 3270 600 3333 erit
614 3293 695 3355 quae,
710 3271 737 3334 si
752 3272 879 3357 propius
893 3283 967 3347 stes,

187 3355 238 3421 'l'e
254 3355 355 3441 capiet
370 3355 479 3440 magis,
495 3367 528 3418 et
542 3357 693 3439 quasdam,
710 3357 736 3419 si
752 3357 876 3443 lougius
889 3358 1009 3430 abstes3
1063 3351 1066 3357 ’

189 3441 269 3507 Haec
283 3453 366 3508 amat
380 3440 554 3516 obscurum,
571 3441 656 3505 volet
670 3442 735 3506 herc
748 3444 807 3508 sub
822 3444 892 3507 luce
905 3442 1014 3518 videri,

186 3526 207 3590 J
210 3529 306 3592 udicis
319 3541 464 3613 argutum
480 3547 551 3610 quae
565 3547 628 3590 nou
643 3527 787 3592 formidat
800 3551 950 3592 acumen:

188 3611 268 3678 Haec
283 3613 401 3700 placuit
414 3612 521 3691 semel,
537 3611 604 3677 haec
618 3612 722 3679 decies
735 3615 870 3700 repetitu
884 3612 1029 3700 placebit
1069 3616 1136 3678 865
