2442 4059
99 300 154 339 m,
168 287 249 351 1,20,]
439 287 722 337 luruttrnuratm.
895 248 899 251 ῃ
986 289 1047 353 24]

99 440 254 500 compositam
272 454 371 500 eamque
383 454 430 485 nna
441 454 494 487 cnm
512 438 552 486 illo
568 439 687 486 volumine
699 438 728 485 ad
741 440 883 499 Augustum,
894 440 1049 489 Maecenatem

99 505 208 565 aliosque
225 506 327 553 fautores
344 514 367 551 et
384 506 470 551 amima
486 505 580 551 missam
596 519 654 551 esse.
689 505 814 564 Utcunque
826 520 850 551 se
862 520 890 552 ea
903 521 941 552 res
959 507 1049 564 habuit,

99 570 189 615 librum
209 572 307 631 aliquem
324 570 438 626 editurus,
455 569 537 616 iestlrd
555 570 638 615 ludens
656 569 751 627 dilogid,
767 572 851 617 eadem
873 585 926 617 cum
945 574 1002 618 curri
1023 581 1049 619 et

100 634 261 681 sollicitudine
279 650 332 682 eum
351 634 449 681 dimittit
466 649 492 681 ac
509 634 618 680 dominus
634 635 752 679 servulum
763 634 806 680 sibi
819 649 906 690 carum,
919 637 959 694 qui
974 651 1047 697 prope

96 701 151 761 Jam
163 699 240 745 liberti
252 698 385 745 conditione
396 708 471 755 utens,
482 707 548 744 extra
560 698 655 743 domurn
667 698 764 744 herilem
781 700 874 759 evagari
893 715 919 746 ac
936 701 1046 748 liberiore

100 764 153 809 vita
163 762 209 808 frui
219 764 290 824 cupit,
307 778 388 809 verum
405 767 499 824 propter
510 765 553 809 ltoc
564 762 640 822 iprum
652 763 742 823 multis,
751 764 775 809 in
786 764 867 823 primis
883 766 1046 825 corruptionis,

99 828 214 889 periculis
229 829 348 889 expositus
364 837 407 873 est.
440 828 565 875 Rationem
589 828 689 873 eandem
707 827 755 874 iere
778 829 821 874 tibi
841 830 912 889 linge,
931 845 984 889 quar
1001 831 1046 878 i'uit

99 892 166 939 inter
177 893 313 940 ciceronem
325 902 349 938 et
361 893 478 948 Tironem,
490 892 594 938 Atticum
605 901 630 937 et
640 892 734 948 Alexin,
746 892 831 952 quibus
841 894 913 940 servis
921 894 1046 943 carissimis

100 958 193 1003 domini
214 958 252 1003 rix
271 958 399 1018 quidquam
419 972 504 1016 negare
520 966 636 1015 poterant.
669 958 713 1003 Per
730 966 802 1003 totam
818 966 897 1004 autem
915 959 1045 1019 Epistulam

100 1022 171 1082 pueri
183 1022 275 1069 delicati
287 1032 312 1068 et
322 1022 412 1068 venusti
428 1021 481 1068 libri
498 1022 585 1081 duplex
601 1021 679 1081 imago
690 1021 774 1067 mimm
786 1022 810 1067 in
822 1024 917 1069 modum
928 1025 1046 1084 permixta

98 1096 124 1134 et
136 1086 233 1133 contusa
243 1096 285 1133 est.
917 1110 920 1115 ·

136 1152 160 1210 1,
169 1152 193 1198 2.
212 1148 374 1212 [Vertumnus]
393 1152 450 1196 deus
460 1150 565 1196 omnium
581 1150 769 1197 vicissitudinum
780 1166 807 1197 ac
818 1147 973 1197 mutationum
986 1152 1045 1213 (Sat.

100 1217 126 1269 2,
137 1215 161 1270 7,
176 1214 225 1277 14),
238 1217 292 1262 hinc
303 1216 374 1261 etiam
386 1217 565 1261 ‘vertendamm
581 1216 671 1261 rerum'
684 1216 709 1261 id
719 1224 762 1271 est,
772 1217 925 1262 emendarum
936 1226 960 1262 et
971 1232 1044 1263 vena.

99 1280 169 1334 lium,
187 1282 216 1326 ad
235 1282 321 1327 Forum
342 1281 367 1326 in
388 1280 439 1327 vico
459 1280 558 1326 Turario
577 1295 595 1327 s.
616 1280 692 1327 Tusco
712 1281 823 1327 sacellum
844 1296 897 1327 cum
919 1281 1043 1328 simulacro

100 1345 211 1401 habebat,
228 1345 252 1391 ln
270 1347 336 1405 quue
353 1345 438 1391 vicinid
454 1353 503 1390 erat
514 1346 589 1391 Jorrus
600 1342 674 1406 (Epp.
685 1346 708 1399 2,
719 1345 743 1400 7,
756 1345 811 1404 lt);
828 1345 861 1391 ibi
872 1346 942 1391 etiam
955 1346 1043 1392 libmrii

100 1423 157 1456 suas
174 1412 282 1456 tabernas
298 1419 322 1455 et
338 1410 397 1469 pilas
415 1409 474 1469 (Sat.
488 1408 509 1465 l,
521 1410 544 1466 4,
555 1409 594 1464 71.
613 1410 642 1456 Α.
655 1411 680 1457 Ρ.
694 1409 762 1470 373),
780 1410 822 1457 sed
838 1411 934 1457 lenones
949 1425 1043 1470 quoque

100 1482 126 1520 et
143 1474 277 1521 meretrices
292 1474 391 1520 fornices
407 1488 462 1519 suos
479 1474 604 1521 habebant.
614 1498 648 1508 -·
660 1472 774 1535 [prostes]
791 1477 887 1521 verbum
906 1475 1044 1533 ambignum

101 1539 132 1585 de
155 1540 237 1598 quavis
259 1553 343 1593 merce,
364 1538 434 1584 etiam
451 1536 486 1584 ‘de'
507 1539 668 1585 meretricibus
688 1548 712 1585 et
732 1540 814 1586 scortis
836 1537 1044 1601 (prostibulis).-

102 1600 191 1665 [Soer'r‘]
209 1602 290 1649 iratres
299 1603 364 1649 luere
375 1603 513 1662 bibliopolae,
524 1604 646 1669 memorati
657 1604 727 1650 etiam
740 1605 768 1650 A.
779 1604 804 1651 Ρ.
815 1604 871 1651 ato.
882 1628 914 1638 —
927 1601 1043 1667 [pumice]

100 1668 197 1715 Partem
214 1670 402 1714 membranarum
420 1667 567 1721 exteriorem,
578 1684 631 1727 quae
641 1669 745 1728 asperior
755 1677 798 1724 est,
808 1670 902 1729 pumice
912 1670 1045 1728 levigabsnt

100 1741 126 1779 et
143 1733 263 1792 poliebant
276 1732 436 1791 glutinatores.
470 1734 554 1778 Catuli.
572 1732 630 1787 1,2.
656 1734 685 1779 lt.
702 1734 742 1789 22,
758 1733 782 1788 6,
798 1736 884 1781 ebertoe
899 1737 977 1795 regite,
993 1735 1045 1781 noui

101 1799 166 1853 tttrt,
184 1798 245 1843 Noui
261 1799 370 1852 umbilici,
386 1798 435 1844 loro
453 1799 531 1852 rubro,
546 1799 676 1844 membrano
694 1799 790 1845 Directo
803 1800 902 1859 plumbo,
918 1806 941 1845 et
954 1802 1044 1860 pumice

100 1864 179 1909 omnio
194 1869 291 1923 aeqrrato.
324 1862 419 1908 Pumice
430 1862 485 1907 item
498 1862 605 1907 homines
616 1862 761 1908 delicatiores
775 1878 869 1909 crurum
880 1864 941 1926 pilos
952 1865 1044 1911 detere-

100 1928 168 1973 bant.
202 1928 270 1973 ovid.
283 1928 311 1974 A.
324 1927 351 1973 A.
366 1926 387 1981 l,
398 1926 453 1980 506,
465 1926 515 1973 Nec
526 1933 566 1973 tua
577 1928 678 1973 mordaci
685 1930 774 1986 pumice
782 1943 853 1974 errare
863 1935 930 1974 teror.

135 1992 160 2048 3,
172 1991 194 2038 4.
212 1988 297 2053 [clares
307 1987 455 2053 ert—sigillo]
473 1991 596 2037 Librorum
608 1992 728 2038 volumina
739 1993 763 2037 in
775 1992 849 2053 capsis
860 1994 1045 2047 asservabantur,

100 2056 195 2116 quasin
206 2056 296 2102 scriniis
307 2056 395 2102 domini
406 2057 477 2101 anulo
488 2056 584 2114 signatis
595 2057 763 2103 custodiebant.
796 2059 835 2105 Sic
845 2058 916 2103 etiam
927 2057 1047 2103 interdurn

101 2135 198 2176 uxores,
210 2122 353 2173 concubinae,
363 2120 429 2181 pueri
446 2121 538 2166 delicati
556 2122 619 2166 domi
637 2122 661 2166 in
678 2123 783 2167 custodia
800 2122 967 2177 retinebantur,
979 2120 1045 2166 ostiis

101 2185 181 2245 sigillo
191 2186 295 2232 munitis.
329 2186 387 2232 Haec
403 2192 481 2231 autem
498 2186 548 2245 ipsa
564 2186 670 2232 custodia
685 2199 758 2246 puero
771 2188 862 2247 pudico,
870 2191 942 2247 grato
952 2185 1044 2237 accidit,

102 2265 178 2311 quum
200 2251 233 2297 ita
251 2253 301 2311 eJ'us
323 2250 421 2296 fidelitas
440 2258 507 2296 extra
525 2264 594 2296 omne
614 2250 712 2295 dubium
732 2261 839 2309 ponatur.
850 2274 883 2284 -
895 2246 1044 2310 [monio]

102 2314 191 2361 ‘vitam
202 2314 334 2361 liberiorem
345 2314 369 2361 in
382 2314 437 2360 locis
448 2314 562 2375 publicis!
594 2315 657 2361 Loco
671 2317 794 2361 communio
805 2322 884 2360 autem
895 2313 965 2359 etiam
977 2314 1045 2374 lupa·

103 2380 171 2425 naria
182 2380 302 2425 honestius
314 2379 502 2425 nominabantur.
535 2380 631 2435 Seneca,
643 2380 723 2424 Contr.
737 2378 758 2432 l,
769 2380 792 2435 2,
803 2394 825 2439 p.
838 2379 876 2426 lib.

136 2444 208 2490 b-ii.
228 2441 318 2505 [Fuge]
336 2444 362 2499 ‘i
377 2458 448 2502 nunc,
464 2443 557 2504 proripe
575 2452 597 2489 te
614 2443 640 2489 in
658 2443 768 2489 Forrtmt'
786 2444 849 2503 quod
864 2457 937 2501 quum
952 2443 978 2489 in
995 2443 1046 2489 loco

103 2509 176 2569 plano
187 2516 211 2554 et
221 2508 305 2554 humili
322 2516 389 2563 esset,
401 2522 429 2554 eo
439 2508 507 2553 ituris
523 2509 701 2555 descendendum
718 2515 769 2554 erat
786 2505 815 2553 ex
834 2508 931 2554 collibus
948 2506 1046 2568 propin·

103 2572 171 2632 quis:
190 2573 246 2619 binc
257 2588 279 2621 r.
290 2573 410 2634 proprium
421 2580 457 2618 est
467 2573 496 2617 de
508 2572 575 2618 Foro.
610 2574 655 2619 Sed
666 2573 738 2618 etiarn
749 2572 773 2617 in
785 2572 884 2619 fornices
894 2587 913 2619 s.
924 2571 1047 2632 lupanaria

101 2638 170 2683 humi
193 2638 301 2697 depressa
320 2638 509 2683 descendendum
531 2634 745 2699 erat-[emisso]
772 2637 865 2696 Dilogia
886 2637 915 2681 de
937 2651 1011 2698 puero
1032 2650 1046 2682 e

102 2702 210 2749 custodia
224 2704 296 2749 semel
312 2702 398 2749 emisso
408 2709 432 2747 et
443 2702 472 2747 de
483 2700 543 2747 libro
557 2702 627 2752 edito.
638 2726 670 2737 -
682 2698 790 2763 [leserit]
808 2703 837 2748 de
852 2702 927 2748 libror
945 2702 998 2748 ‘ubi
1016 2702 1046 2747 ab

102 2766 192 2826 iniquis
202 2767 262 2813 meis
272 2768 333 2813 male
344 2774 456 2826 exceptus
473 2766 519 2811 eris
529 2780 556 2811 ac
567 2767 596 2812 de
608 2775 631 2812 te
642 2766 751 2821 dixerint,
771 2768 898 2827 Quisleget
908 2769 975 2813 bec?
1006 2766 1047 2813 Vel
1099 2761 1106 2776 ³

102 2833 148 2879 duo
164 2833 201 2879 oei
215 2832 300 2878 nemor’
318 2833 347 2878 de
363 2844 445 2892 puero,
462 2830 494 2875 ‘si
514 2830 566 2889 quis
583 2830 721 2891 pudicitiam
739 2839 803 2877 tuam
820 2832 906 2878 leserit
922 2828 1046 2891 (violarit),

102 2905 153 2941 tum
164 2910 219 2941 sero
231 2896 315 2942 frustra
326 2910 404 2942 meum
419 2895 534 2941 auxilium
551 2895 701 2955 implorabis!
712 2918 744 2929 -
756 2893 800 2958 [Ira
817 2897 881 2943 breve
897 2902 919 2943 te
936 2892 999 2957 cogi]
1017 2897 1046 2941 de

101 2960 170 3016 libro,
188 2961 246 3007 ‘scis
257 2969 279 3007 te
290 2970 379 3007 arctum
391 2960 416 3005 in
427 2960 536 3005 volumen
556 2960 687 3019 complicari
699 2971 723 3005 er
734 2959 758 3005 in
771 2961 839 3019 capsi
851 2960 939 3020 reponi,
953 2975 982 3006 ex
998 2960 1047 3019 qud

101 3024 200 3073 sortasse
219 3039 339 3085 nunquam
361 3033 442 3085 postea
463 3037 543 3069 rursus
564 3038 671 3083 promere
680 3024 695 3070 ε’
723 3024 752 3070 de
771 3038 852 3083 puero,
875 3026 994 3071 ‘desertus
1016 3026 1046 3069 ab

101 3098 206 3137 amatore
224 3089 248 3135 in
266 3090 385 3149 angustias
403 3087 530 3147 redigeris!
542 3112 574 3122 -
587 3085 692 3149 [pean]
710 3095 737 3134 ut
754 3090 800 3135 Sat.
813 3090 836 3144 2,
847 3091 870 3144 2,
882 3090 921 3143 43,
938 3097 960 3135 et
978 3088 1046 3135 Ovid.

102 3169 133 3203 ex
145 3155 228 3210 Ponto,
239 3155 263 3209 3,
280 3155 302 3208 4,
314 3156 353 3209 55,
370 3154 416 3199 lito
432 3154 589 3208 terrestriam,
609 3154 679 3199 lector
694 3168 744 3199 area
757 3155 839 3213 poculo
853 3156 942 3215 plenos,
959 3156 1046 3208 ‘satan

100 3219 391 3279 fastidiosus.’-·Lorrguet
406 3226 485 3265 autern
497 3227 521 3265 et
531 3218 624 3263 auditor
640 3219 676 3264 vel
694 3218 764 3265 lector
776 3217 886 3279 (Quintil.
897 3219 921 3274 9,
932 3217 955 3273 3,
967 3216 1010 3277 27)
1022 3224 1047 3263 et

101 3284 130 3341 is,
142 3286 209 3343 cujus
220 3298 286 3329 amor
296 3283 395 3330 refrixit.

135 3350 159 3403 9,
174 3348 210 3395 10.
229 3344 305 3409 [odio]
322 3348 347 3393 h.
358 3348 374 3393 l.
385 3356 411 3393 ut
422 3361 491 3407 saepe,
503 3347 592 3394 accedit
607 3348 638 3393 ad
655 3347 696 3393 irae
713 3355 737 3393 et
754 3348 818 3394 tanti
835 3346 911 3407 potius
928 3359 999 3404 quam
1016 3346 1047 3391 ad

102 3412 230 3461 simultatis
241 3413 408 3459 notionem-
416 3408 555 3474 [peccantis]
567 3413 597 3459 de
607 3412 675 3468 libro,
686 3414 847 3473 ‘praepropere
858 3411 897 3457 edi
907 3409 1022 3469 cupientis
1030 3410 1045 3466 ς’

102 3478 192 3537 dilogia
209 3478 272 3523 inest
288 3476 312 3522 in
328 3491 364 3532 eo,
375 3477 438 3535 quod
449 3491 470 3523 v.
479 3492 574 3537 peecare
590 3485 716 3537 usurpatur
732 3477 803 3523 etiam
819 3477 849 3521 de
864 3475 994 3521 amantium
1010 3475 1047 3521 in·

102 3542 218 3591 fidelitate
229 3549 254 3587 et
263 3555 348 3589 venere
362 3541 491 3587 illicita—
500 3538 581 3603 [etos]
600 3550 627 3588 ut
638 3538 697 3605 ὥρα,
708 3541 731 3587 b.
743 3542 759 3587 l.
771 3541 800 3586 de
811 3538 975 3586 adolescentid.

137 3606 176 3664 11,
191 3605 229 3653 12.
248 3602 433 3668 [Contrectotrtr]
463 3605 515 3652 lloo
535 3620 629 3667 quoque
650 3620 671 3653 v.
694 3620 737 3667 per
758 3603 871 3715 diloplipm
892 3604 973 3651 utitur.
1000 3603 1048 3652 Gir.
