2442 4059
393 262 591 305 muraneum
613 262 680 305 ms.
696 263 733 306 ιι.
749 248 779 306 6.

501 551 621 593 SATIRA
638 552 681 595 VI.

118 676 193 742 Hoc
209 676 321 741 eratin
338 675 432 740 votis:
457 676 564 741 modus
578 678 644 763 agri
661 700 721 741 non
737 677 781 741 ita
795 700 934 763 magnus,

119 764 243 827 Hortus
257 764 310 827 ubi
326 775 358 825 et
373 774 454 826 tecto
470 764 587 831 vicinus
598 764 685 848 jugis
700 786 789 848 aquae
803 765 883 839 lons,

118 848 163 913 Et
178 850 316 935 paullum
332 848 417 912 silvae
432 870 523 933 super
539 848 585 912 his
600 850 688 913 foret.
734 850 864 912 Auctius
878 861 971 935 atque

119 935 168 999 Di
184 935 295 997 melius
315 935 427 997 fecere.
473 934 561 997 Bene
577 936 643 998 esti
666 935 741 998 nihil
756 936 887 1019 amplius
901 958 965 1011 oro,

120 1020 212 1085 Maia
229 1035 310 1097 nate,
328 1020 387 1083 nisi
403 1032 437 1083 ut
451 1020 574 1105 propria
588 1020 654 1085 lraec
667 1022 741 1084 milri
757 1044 885 1085 munera
899 1021 985 1085 faxis.
1036 1024 1055 1082 5

122 1107 157 1171 Si
173 1129 276 1191 neque
292 1107 437 1191 majorem
453 1107 512 1169 feci
527 1106 647 1171 ratione
661 1108 740 1171 malai
756 1130 830 1184 rem,

121 1191 193 1255 Nec
207 1214 275 1255 sum
290 1193 426 1256 facturus
442 1192 517 1255 vitio
531 1192 661 1277 culpeive
677 1194 845 1268 minorem3

124 1277 160 1340 si
176 1300 306 1341 veneror
320 1278 431 1341 stultus
445 1278 521 1340 nihil
537 1277 655 1354 horum,
674 1279 726 1343 ‘O
741 1279 766 1341 si
781 1278 913 1363 angulus
927 1278 980 1341 ille

122 1363 290 1427 Proximus
305 1363 439 1438 accedat,
456 1363 509 1448 qui
525 1386 607 1427 nunc
622 1364 781 1428 denormat
794 1365 929 1451 agellum
944 1365 951 1429 l

123 1448 192 1513 Osi
209 1472 315 1513 urnam
331 1450 452 1534 argenti
467 1451 528 1513 fors
540 1472 609 1533 quaa
626 1450 699 1512 mihi
715 1463 872 1527 monstret,
885 1462 920 1515 ut
931 1449 986 1527 illi,
1020 1454 1058 1512 lo

123 1534 287 1599 Thesauro
302 1535 430 1598 invento
445 1535 498 1619 qui
515 1536 720 1599 mercenarius
734 1559 853 1621 agrum,

124 1620 220 1685 Illum
234 1622 333 1706 ipsum
351 1635 510 1696 mercatus
528 1620 633 1697 aravit,
650 1621 735 1685 dives
749 1622 847 1686 amico

124 1706 301 1779 Hercule3'
324 1706 359 1784 si,
377 1707 459 1791 quod
473 1706 569 1783 adest,
592 1719 714 1794 gratum
732 1710 831 1793 juvat,
851 1707 908 1773 hac
922 1730 1013 1793 prece
1028 1719 1060 1773 te

211 1814 273 1869 oro,
634 1863 637 1868 ,

126 1877 251 1963 Pingue
267 1901 361 1964 pecus
376 1878 499 1941 domino
513 1879 617 1960 iacias,
632 1891 664 1944 et
677 1892 788 1957 cetera,
805 1892 915 1965 praeter

126 1963 306 2050 Ingenium,
324 1979 419 2049 utque
431 1966 518 2041 soles,
536 1978 638 2029 custos
653 1966 727 2029 mihi
742 1967 892 2030 maximus
906 1967 995 2031 adsis.
1014 1970 1059 2032 115

126 2048 216 2136 Erg'o
230 2050 282 2113 ubi
298 2051 393 2113 mein
410 2062 529 2115 montes
544 2063 576 2116 et
590 2051 623 2114 in
637 2075 738 2116 arcem
755 2076 794 2115 ex
810 2054 885 2117 urbe
901 2051 1027 2129 removi,

127 2134 216 2209 Quid
232 2136 315 2220 prius
330 2136 478 2200 illustrem
494 2138 593 2201 satiris
609 2139 757 2223 musique
773 2138 929 2224 pedestri?

126 2221 199 2285 Nec
214 2223 293 2285 mala
308 2245 357 2285 me
371 2222 498 2286 ambitio
514 2223 624 2308 perdit,
641 2247 699 2287 nec
712 2224 876 2310 plumbeus
892 2227 1006 2289 Auster

125 2310 387 2392 Auctumnusque
402 2309 514 2390 gravis,
533 2308 680 2374 Libitinae
695 2323 829 2394 quaestus
843 2311 971 2375 acerbae.

127 2392 289 2457 Matutine
305 2407 401 2478 pater,
417 2416 472 2457 seu
487 2394 567 2460 Jane
584 2394 728 2459 libentius
743 2395 840 2470 audis,
1019 2400 1062 2459 20

128 2478 226 2544 Unde
242 2479 380 2543 homines
395 2502 521 2564 operum
538 2482 651 2565 primos
667 2482 799 2565 vitaeque
815 2480 933 2545 labores

128 2565 312 2642 Instituunt,
329 2566 374 2628 sio
389 2564 449 2629 Dis
464 2566 621 2651 placitum,
638 2579 672 2631 tu
687 2566 828 2631 carminis
843 2580 908 2631 esto

129 2650 332 2751 Principium.
382 2652 488 2714 llomae
502 2674 679 2737 sponsorem
696 2676 745 2717 me
760 2654 849 2739 rapis.
896 2652 965 2735 Eia,

129 2736 183 2801 Ne
198 2758 281 2822 prior
295 2736 395 2800 officio
410 2738 570 2823 quisquam
586 2739 780 2824 respondeat,
797 2762 884 2825 urge.

131 2822 206 2886 Sive
222 2822 339 2907 Aquilo
354 2823 433 2886 radit
448 2836 551 2899 terrae,
568 2846 623 2887 seu
641 2825 748 2889 bruma
762 2826 894 2888 nivalem
1021 2830 1064 2888 25

130 2908 283 2973 Interior'e
299 2909 380 2972 diem
396 2931 475 2995 gyro
490 2909 591 2986 trahit,
608 2910 653 2973 ire
668 2933 793 2974 necesse
808 2921 864 2977 est.

130 2993 309 3070 Postmodo,
326 2996 408 3079 quod
425 2994 466 3057 mi
482 2994 571 3070 obsit,
589 2996 669 3059 clare
685 3009 866 3081 certumque
882 2997 993 3075 locuto,

129 3080 329 3145 Luctandum
344 3081 376 3142 in
392 3081 480 3145 turbi
496 3092 528 3145 et
543 3080 682 3146 facienda
695 3082 808 3167 injuria
821 3083 923 3147 tardis·

131 3164 219 3239 Quid
246 3165 302 3230 tibi
329 3166 383 3247 vis,
408 3166 524 3243 insane,
553 3180 585 3231 et
609 3190 686 3253 quas
709 3190 758 3233 res
786 3168 876 3255 agis?
908 3168 1067 3255 improbus

218 3265 308 3338 urget
488 3314 492 3323 ,

129 3338 223 3403 Iratis
238 3338 389 3422 precibus.
434 3339 487 3401 Tu
502 3337 604 3423 pulses
620 3362 711 3404 omne
726 3341 808 3425 quod
824 3341 933 3417 obstat,
1022 3346 1065 3405 30
1175 3341 1180 3349 ’

131 3424 184 3489 Ad
203 3422 408 3487 Maecenatem
423 3425 550 3487 memori
565 3424 590 3487 si
606 3440 709 3490 mente
724 3448 869 3490 recurras.

131 3510 207 3574 Hoc
223 3511 314 3595 juvat
329 3523 360 3574 et
375 3509 457 3573 melli
473 3522 528 3586 est,
545 3532 605 3575 non
622 3512 762 3576 mentiar.
806 3512 852 3574 At
865 3509 956 3573 simul
970 3523 1050 3578 atras

131 3597 271 3661 Ventum
287 3609 335 3661 est
350 3594 514 3680 Esquilias,
530 3596 631 3661 aliena
645 3598 771 3684 negotia
785 3608 909 3660 centum
