2442 4059
133 238 193 304 160
460 238 742 290 mrnnrnararro.
903 209 907 216 ¹
1007 232 1091 304 [aaa

127 401 199 452 atque
211 391 285 438 amico
295 392 356 438 male
367 391 449 445 dixitr'
467 401 494 439 ut
505 393 529 440 in
540 391 662 452 Euripidis
674 392 788 438 Orestes.
800 389 854 445 164,
867 385 956 446 Μέθες·
966 387 1002 454 pt
1013 389 1080 438 odra

128 458 181 504 τῶν
195 454 261 518 ἐμῶν
276 452 405 518 Ἐρινύων,
425 454 512 505 Μέσον
529 453 553 520 μ’
568 453 696 520 ὀχμάζεις,
710 452 744 511 ὡς
758 451 844 518 βάλῃς
857 452 883 511 ἐς
893 451 1079 519 Triprapov.-

128 519 262 583 [splendida
274 519 337 581 bilis]
360 521 404 566 Bili
417 525 524 569 morbose
535 523 684 568 condensatae
699 529 724 566 et
741 529 865 580 propterea
877 521 980 579 asphalti
998 521 1079 580 specie

127 586 298 647 splendescenti
313 601 327 631 a
341 587 438 632 medicis
454 587 600 633 tribuebatur
615 581 960 648 psihomahia—[Opimius]
981 587 1079 632 ‘Homo

127 651 230 710 ignotus,
243 650 284 711 qui
295 651 402 709 quamvis
414 652 479 698 dives
495 659 556 698 esset
570 651 622 697 auri
639 659 663 696 et
678 650 770 709 argenti
786 650 889 696 domiin
905 651 959 696 arcti
977 650 1077 706 conditi,

127 715 280 762 nihilominus
288 731 411 776 pauperem
426 731 451 762 se
467 731 517 763 esse
532 716 640 772 ducebat,
657 725 682 761 et
698 729 740 774 pro
754 714 824 774 inope
841 729 866 760 se
880 717 984 772 gerebat,
999 715 1036 760 ita
1050 723 1079 761 ut

130 781 277 828 Veientanam
295 782 405 827 rabellum
423 782 498 838 (Pers.
516 783 539 836 5,
559 779 625 840 147),
642 780 724 825 vinum
741 779 932 838 acidum,quale
950 779 1077 838 provenire

126 846 216 891 solebat
228 845 299 900 Veiis,
313 843 378 892 festis
392 845 482 901 diebus,
494 845 601 906 profestis
612 858 720 904 vappam,
731 844 812 889 viuum
827 858 921 903 prorsus
937 852 1078 905 corruptum

127 911 164 956 vel
182 909 258 955 multia
273 912 335 969 aqui
354 911 455 956 dilutum
472 911 563 957 biberet
580 924 607 956 ac
622 909 694 955 trulla
707 916 822 964 uteretur,
838 923 886 954 nou
901 911 1015 967 argentei
1032 923 1078 955 uec

126 975 251 1020 murrhini
263 972 301 1031 (ut
311 976 418 1022 solebant
429 972 544 1035 ditiores),
556 976 598 1021 sed
609 983 702 1021 tantum
712 973 786 1031 fictili,
798 975 879 1033 quales
890 973 1078 1020 conficiebantur

124 1039 151 1085 in
162 1039 310 1098 Campaniit!

161 1103 296 1151 146-156.
313 1101 404 1166 [ovans]
426 1105 458 1150 Ut
469 1106 609 1164 triumphare
621 1103 739 1159 dicuntur,
752 1102 792 1162 qui
803 1102 891 1162 gaudio
902 1103 1031 1160 exsultant,
1041 1103 1077 1149 sic

126 1168 198 1215 etiam
209 1184 322 1216 avora-
331 1167 383 1230 [hoc
399 1166 453 1230 age]
474 1170 502 1215 ln
518 1169 628 1229 auspiciis
645 1176 670 1214 et
685 1167 804 1214 sacrificiis
819 1167 960 1226 incipiendis
974 1169 1016 1214 hoc
1031 1183 1077 1229 age

127 1248 141 1280 a
159 1247 265 1293 praecone
282 1234 460 1290 inclamabam,
480 1249 526 1294 quo
541 1247 623 1280 omnes
638 1241 716 1279 essent
732 1233 818 1278 intenti
833 1231 867 1277 rei
883 1232 979 1286 divinae,
997 1246 1077 1292 neque

127 1299 256 1358 quidquam
272 1298 337 1344 aliud
352 1300 471 1344 mentibus
488 1293 775 1359 agitarent—[inopen]
795 1299 972 1351 ‘extenuatum
983 1297 1075 1343 viribus

127 1365 228 1424 corporis
247 1360 514 1425 primumi—[aena]
531 1365 664 1423 ‘quatenus
682 1377 765 1422 corpus
783 1361 899 1420 sanguine
916 1361 984 1406 alunt
999 1362 1075 1408 vires·

127 1443 173 1488 que
195 1427 319 1482 reficiunt;
343 1429 458 1488 sanguine
479 1423 897 1489 exhauriantur.’—[ptisaaariaar]
917 1421 1043 1484 πτισάνη,
1059 1441 1075 1472 a

126 1489 234 1548 πτίσσω,
255 1493 331 1552 pinso,
349 1493 445 1540 sorbitio
465 1508 495 1539 ex
514 1494 576 1552 aqui
592 1492 698 1539 fervente
716 1501 741 1537 et
759 1492 848 1537 hordeo
866 1491 1014 1550 plerumque,
1033 1491 1075 1537 hic

126 1559 206 1618 oryza,
218 1556 330 1604 confecta.
338 1583 371 1592 —
380 1554 539 1619 [Octasss'has]
560 1558 675 1604 Dicebant
690 1563 777 1603 octasse
789 1564 813 1602 et
823 1557 956 1612 actussilms,
970 1563 1075 1604 cenem

104 1660 108 1665 .
126 1629 151 1668 et
161 1623 308 1669 ceatasaibas.

160 1685 213 1741 157.
231 1682 309 1747 [Quid
318 1683 403 1749 refert]
420 1688 447 1734 ln
459 1687 561 1749 pedestri
574 1701 607 1734 or.
626 1686 705 1736 ‘Quid
715 1684 795 1740 refert,
803 1688 915 1731 morbone
925 1699 1033 1746 peream,
1042 1699 1075 1732 aa

126 1750 194 1797 furtis
206 1751 340 1811 rapinisque
349 1751 367 1796 i’

128 1862 130 1866 ,
161 1815 293 1862 tta—16³.
314 1812 451 1878 [Quisnam]
470 1816 578 1872 ‘Omnia
594 1816 635 1876 qui
647 1823 741 1862 nonest
756 1816 849 1869 stultus,
867 1829 945 1860 sanus.
979 1813 1075 1860 Avarus

126 1887 205 1925 autem
218 1895 264 1926 non
277 1882 362 1927 stultus
373 1883 457 1935 solum,
466 1896 547 1927 verum
559 1881 631 1926 etiam
642 1881 746 1927 insanus.
769 1881 818 1926 Nec
829 1886 909 1925 tamen
919 1893 950 1925 ex
960 1894 997 1934 eo,
1009 1881 1074 1940 quod

126 1945 179 2004 quis
191 1959 237 1990 nou
249 1945 280 1990 sit
295 1959 387 1998 avarus,
406 1946 519 1991 continuo
533 1946 611 2005 colligi
627 1954 704 2006 potest
719 1960 774 1991 eum
789 1958 873 1990 sanum
887 1952 958 2002 atque
972 1945 1074 2003 integrae

126 2010 212 2055 mentis
223 2024 281 2056 esse.
311 2011 369 2056 Aliis
380 2009 443 2055 enirn
456 2009 519 2055 vitiis
529 2009 593 2056 idern
604 2009 701 2056 fortasse
712 2011 858 2070 deturpatur,
870 2023 922 2068 qure
934 2023 981 2068 quo
992 2009 1073 2056 minus

126 2088 180 2120 euru
192 2089 235 2135 pro
246 2089 303 2121 sano
313 2075 440 2121 habeamus
449 2082 537 2120 vetant
560 2075 597 2120 Ab
608 2075 717 2120 omnibus
725 2089 781 2134 ergo
789 2074 851 2120 vitiis
862 2073 922 2119 liber
929 2075 961 2120 sit
970 2082 1073 2134 oportet,

126 2154 198 2199 quem
212 2154 254 2186 nos
267 2139 337 2186 Stoici
353 2154 436 2186 sanum
448 2139 572 2186 vocamus!
580 2135 690 2199 -[Car,
702 2140 776 2186 Stoice
784 2136 810 2200 i]
831 2140 861 2184 Se
874 2139 924 2197 ipse
941 2138 1074 2198 interrogat

127 2205 259 2251 Stertinius.
293 2205 321 2251 ln
333 2207 401 2266 prosi
412 2220 446 2250 or.
462 2205 534 2261 ⁴0ur,
547 2218 577 2249 ex
587 2205 641 2249 meri
651 2201 777 2264 disciplina
788 2203 865 2249 Stoici
876 2203 978 2248 dicaml’
1002 2205 1072 2265 Kop-

126 2262 167 2314 ila
178 2285 225 2316 non
239 2271 316 2316 solum
330 2285 377 2326 cor,
395 2270 436 2316 sed
452 2271 523 2315 etiam
539 2283 565 2314 os
575 2269 697 2315 ventriculi
714 2267 845 2328 significan
864 2268 905 2327 qui
919 2267 990 2328 huJus
1001 2268 1070 2313 infir·

126 2334 208 2380 mitate
226 2335 322 2391 laborat,
338 2328 517 2399 refodiendae
528 2329 676 2395 [Craterum]
694 2333 810 2379 illustrem
826 2332 921 2378 illorum
936 2340 1072 2393 temporum

126 2399 253 2454 medicum,
265 2415 311 2459 quo
317 2402 369 2458 jam
376 2398 471 2445 Atticus
482 2413 538 2444 usus
549 2406 607 2444 erat.
629 2399 679 2445 Cic.
689 2399 719 2444 ad
728 2400 776 2443 Att.
791 2397 828 2449 12.
842 2397 878 2443 14.
886 2421 919 2430 -
927 2392 1012 2456 [Recte
1021 2395 1070 2459 est]

127 2462 175 2508 Cic.
187 2465 217 2508 ad
229 2463 278 2509 Att.
292 2464 313 2520 l,
330 2463 352 2519 7,
367 2466 430 2524 opud
446 2471 540 2510 matrem
558 2469 621 2510 recte
637 2458 869 2524 esa—[tentantur]
889 2462 1012 2508 ‘laborant
1030 2471 1073 2508 aut

126 2527 251 2587 pleuritide
270 2536 312 2574 aut
334 2543 418 2574 renum
439 2531 529 2583 morbo,
550 2535 577 2573 ut
596 2542 639 2573 nos
658 2527 704 2587 ipsi
721 2522 985 2588 videmus’-[ocato]
1003 2524 1072 2591 ὀξείᾳ

126 2586 202 2652 νόσῳ.
226 2593 286 2638 Cels.
297 2592 320 2648 3,
336 2592 356 2649 1,
368 2593 446 2640 Morbi
457 2594 548 2653 qnidam
560 2594 637 2640 breves
647 2593 753 2653 acatiqae
763 2598 822 2648 rant,
837 2594 877 2652 qai
886 2594 932 2638 cito
941 2592 977 2639 ael
987 2594 1073 2640 tolirost

126 2657 235 2703 hominem
245 2659 281 2702 uel
291 2659 336 2717 ipsi
346 2660 390 2703 cito
395 2659 519 2717 finiantur.
553 2657 596 2702 His
606 2666 758 2716 opponuntur
769 2657 837 2717 longi.

160 2719 214 2776 164,
233 2719 286 2767 165.
306 2717 427 2784 [immolet]
449 2723 574 2769 ‘concedo
593 2721 697 2781 aliquem
713 2721 840 2768 sceleribus
857 2735 905 2766 non
923 2728 1074 2780 coopertum,

126 2799 174 2830 non
186 2787 306 2844 perjurum
317 2801 367 2833 esse
379 2802 455 2847 neque
470 2788 533 2833 adeo·
540 2787 670 2840 sordidum,
690 2796 716 2832 ut
732 2794 855 2846 propterea
870 2785 942 2831 fidem
958 2787 1031 2832 ledat
1043 2801 1073 2833 ac

125 2849 232 2903 furatum
250 2852 352 2897 concedo
363 2865 417 2898 eum
429 2852 515 2898 idcirco
528 2851 627 2898 Laribus
641 2851 723 2910 aequis,
741 2851 767 2896 id
784 2859 827 2906 ast,
846 2864 893 2895 non
909 2851 983 2909 iratis,
999 2865 1072 2910 porco

125 2914 201 2961 facere
213 2928 293 2973 posse:
312 2924 336 2960 et
346 2917 458 2973 eundern,
474 2917 493 2962 si
504 2917 533 2962 sit
544 2916 682 2962 ambitiosus
692 2924 724 2971 et,
743 2930 789 2975 quo
800 2914 922 2960 ambitioni
933 2916 1071 2973 satisfaciat,

125 2980 237 3025 audacter
246 2980 322 3025 multa
336 2981 453 3037 moliatur,
469 2995 483 3026 a
497 2982 581 3040 quibus
595 2981 711 3027 abstineat
729 2981 800 3026 homo
815 2979 942 3036 modestus,
959 2980 1072 3027 insanum

100 3053 102 3063 '
125 3059 176 3090 esse
190 3057 281 3099 censeo,
296 3058 323 3090 ac
339 3054 462 3104 propterea
479 3046 501 3092 ei
518 3046 661 3106 precipiam,
677 3053 705 3091 ut
715 3045 854 3104 Anticyram
864 3044 961 3105 naviget
970 3046 1002 3091 ad
1012 3046 1072 3093 elle·

125 3111 209 3156 borum
219 3108 376 3155 sumendum!

159 3172 292 3222 loo-169.
315 3170 476 3235 [barathrone]
497 3174 636 3234 ‘profundas
650 3189 678 3220 ac
694 3180 761 3221 tetrae
772 3172 894 3232 voragini,’
905 3172 987 3233 quales
1002 3182 1073 3221 erant

126 3253 169 3295 ere,
188 3239 214 3285 in
232 3253 289 3298 quas
307 3238 388 3298 capitis
403 3239 526 3286 damnatos
542 3240 649 3286 solebant
662 3239 787 3285 detrudere
800 3238 900 3284 Athenis
919 3245 945 3283 et
959 3238 1072 3285 Lacedre·

125 3317 203 3350 mone.
238 3305 323 3354 ‘Quod
335 3304 354 3349 si
366 3303 418 3363 quis
429 3303 557 3350 ambitione
568 3311 635 3350 actus
644 3317 726 3350 omues
737 3317 791 3350 suas
802 3302 924 3349 facultates
938 3303 1072 3362 largitioni·

124 3369 169 3413 bus
187 3367 315 3427 profundit,
338 3383 385 3427 quo
402 3382 484 3414 auram
501 3368 639 3427 popularem
657 3375 737 3427 captet
753 3368 901 3427 honoresque
918 3367 1072 3427 adipiscatur,

125 3445 173 3476 non
189 3432 369 3488 minusinsanit
387 3432 491 3492 quamsi
507 3432 629 3491 pecuniam
648 3446 715 3477 suam
729 3447 823 3478 ornnem
837 3433 863 3476 in
878 3432 1017 3478 barathrum
1028 3434 1072 3478 de·

121 3494 203 3554 jiciat;
222 3511 298 3556 neque
319 3513 373 3545 vero
391 3497 469 3548 miuus
488 3496 583 3551 insanit,
605 3495 646 3555 qul
667 3497 739 3555 partis
758 3510 880 3556 nunquam
897 3497 980 3552 utitur,
997 3497 1072 3543 immo

125 3561 256 3605 necessaria
274 3577 368 3623 quoque
385 3562 429 3608 sibi
449 3556 728 3622 denegat'-[Conasi]
753 3562 774 3606 A
792 3561 846 3606 ulire
864 3561 987 3620 oppidum,
1004 3561 1071 3607 haud

124 3623 230 3684 procula
241 3625 352 3674 Venusia.
372 3628 420 3673 Sat.
435 3626 456 3683 l,
467 3627 491 3684 5,
503 3624 541 3674 91.
549 3649 582 3660 -
590 3622 696 3688 [ontiqao
706 3576 790 3686 masal
807 3627 868 3685 ‘jam
879 3634 946 3686 pater
956 3627 1071 3687 majores-
