2442 4059
180 264 224 327 28
453 278 650 321 ssrrnnnuru
673 277 739 322 nur.
756 280 795 325 11.
810 264 841 322 2.

183 430 361 516 Exspectat,
377 454 431 495 seu
450 429 536 493 Mors
551 429 624 493 atris
638 429 834 495 circumvolat
847 430 914 507 alis,

181 518 291 592 Dives,
308 518 413 601 inops3
439 516 556 592 Romae,
573 537 637 591 seu,
655 515 731 580 Fors
746 517 789 581 ita
798 517 935 603 jusserit,
952 519 1061 595 exsul;

183 603 333 687 Quisquis
350 602 408 666 erit
423 601 638 665 vitaescribom
653 602 744 665 color.
790 603 822 665 0
837 625 923 687 puer,
941 605 1029 670 utsis
1073 610 1114 668 60

183 689 305 765 Vitalis,
322 701 443 764 metu03
466 701 497 752 et
512 689 661 773 majorum
677 710 716 752 ne
731 689 800 773 quis
814 688 930 753 amicus

184 775 312 859 Frigore
329 789 358 838 te
373 774 470 837 feriat.
517 772 627 847 Quid?
650 796 743 858 quum
760 790 807 839 est
823 773 961 839 Lucilius
975 798 1070 841 ausus

184 862 306 925 Primus
321 862 352 923 in
368 859 449 924 bunc
464 861 564 944 operis
579 882 762 945 componere
777 860 910 924 carmina
925 884 1050 939 morem,

181 947 356 1012 Detrahere
373 962 404 1011 et
418 946 541 1031 pellem,
558 946 673 1009 nitidus
687 949 750 1029 qud
765 946 895 1030 quisque
911 969 966 1031 per
980 970 1033 1012 ora

185 1033 329 1108 Cederet,
346 1033 508 1096 introrsum
526 1032 639 1115 turpis3
662 1054 735 1095 num
753 1031 867 1097 Laelius
881 1048 935 1097 aut
949 1034 1003 1118 qui
1074 1039 1117 1097 65

183 1118 287 1183 Duxit
301 1118 339 1182 ab
355 1118 502 1203 oppressit
517 1119 659 1181 meritum
677 1117 865 1202 Cartbagine
882 1141 1003 1196 nomen,
1076 1180 1079 1183 ,

185 1205 318 1291 ingenio
334 1204 440 1268 offensi
455 1219 508 1267 aut
523 1204 593 1267 laeso
609 1203 733 1267 doluere
750 1202 906 1268 Metello?

186 1290 386 1375 Famosisque
403 1289 494 1373 Lupo
509 1303 652 1374 cooperto
667 1288 827 1353 versibus?
871 1290 971 1374 Atqui

189 1376 342 1439 Primores
357 1376 463 1462 populi
477 1374 616 1459 arripuit,
631 1374 841 1460 populumque
855 1376 1011 1451 tributim;

188 1462 312 1526 Scilicet
327 1462 380 1525 uni
395 1484 501 1546 aequus
516 1462 631 1536 virtuti,
646 1474 740 1546 atque
755 1463 822 1546 ejus
836 1461 950 1526 amieis.
1078 1466 1119 1525 70

187 1547 274 1622 Quin
292 1547 342 1611 ubi
357 1571 389 1611 se
404 1570 423 1611 a
437 1546 531 1633 vulgo
546 1558 577 1611 et
592 1546 683 1611 scenis
698 1546 730 1610 in
745 1560 863 1610 secreta
878 1558 1032 1611 remorant

187 1633 295 1698 Virtus
312 1633 464 1719 Scipiadae
478 1645 510 1697 et
524 1632 606 1696 mitis
621 1632 771 1717 sapientia
787 1632 874 1709 Laeli,

189 1720 308 1805 Nugari
325 1742 394 1783 cum
410 1720 472 1795 illo,
490 1731 522 1783 et
536 1718 675 1781 discincti
691 1718 806 1793 ludere,
821 1719 920 1783 donec

188 1805 424 1891 Decoqueretur
439 1804 515 1879 olus,
527 1804 619 1867 soliti.
644 1803 805 1889 Quidquid
816 1826 883 1867 sum
895 1826 964 1891 ego,
982 1804 1122 1890 quamvis

190 1891 275 1955 Infra
292 1891 392 1954 Lucili
408 1890 539 1955 censum*
548 1890 781 1976 ingeniumque,
798 1902 900 1954 tamen
916 1914 965 1955 me
1080 1895 1122 1954 75

192 1976 273 2040 Cum
288 1977 407 2063 magnis
423 1976 533 2041 vixisse
549 1976 647 2039 invita
660 1976 804 2040 fatebitur
819 1999 917 2061 usque

191 2063 323 2139 Invidia,
340 2078 372 2126 et
386 2063 488 2147 fragili
504 2084 645 2147 quaerens
660 2062 778 2125 illidere
793 2062 917 2127 dentem

192 2148 341 2212 Offendet
355 2148 470 2212 solido:
495 2149 553 2211 nisi
568 2148 642 2232 quid
659 2160 701 2221 tu,
717 2147 806 2211 docte
823 2147 961 2226 Trebati,

191 2235 355 2299 Dissentis.
402 2234 555 2318 Equidem
571 2233 647 2297 nihil
662 2234 734 2297 binc
748 2233 907 2297 diffindere
922 2256 1062 2320 possum3

192 2320 255 2384 Sed
271 2333 383 2396 tamen,
401 2332 435 2384 ut
449 2319 582 2383 monitus
596 2342 713 2395 caveas,
728 2342 769 2383 ne
783 2321 862 2383 forte
877 2322 984 2407 negoti
1083 2326 1126 2385 80

192 2406 327 2473 Incutiat
342 2406 398 2470 tibi
413 2405 487 2490 quid
502 2418 672 2470 sanctarum
689 2406 807 2469 inscitia
822 2405 943 2491 legum:

195 2492 229 2556 Si
244 2493 323 2556 mala
338 2491 507 2556 condiderit
522 2492 553 2554 in
569 2514 662 2577 quem
678 2491 747 2576 quis
761 2492 903 2568 carmina,
915 2493 968 2577 jus
982 2504 1030 2556 est

192 2578 421 2662 Judiciumque.
467 2576 553 2652 Esto,
569 2578 594 2641 si
610 2578 678 2661 quis
694 2578 788 2640 mala:
811 2578 863 2641 sed
879 2578 959 2643 bona
972 2579 999 2643 si
1014 2578 1084 2665 quis

194 2664 304 2727 Judice
319 2664 491 2728 condiderit
505 2662 644 2728 laudatus
660 2661 806 2727 Caesare?
827 2664 852 2727 si
868 2665 936 2748 quis

196 2750 379 2834 Opprobriis
393 2749 521 2835 dignum
537 2749 701 2825 latraverit,
717 2749 839 2836 integer
853 2748 944 2834 ipse?
1086 2754 1128 2814 85

197 2836 361 2901 Solventur
376 2835 437 2899 risu
453 2835 581 2912 tabulae3
606 2849 640 2898 tu
655 2835 763 2899 missus
776 2835 884 2900 abibis.
1047 2845 1051 2853 '

575 3156 695 3199 SATlRA
719 3156 756 3197 11.

199 3268 281 3343 Quae
295 3268 400 3346 virtus,
417 3282 450 3334 et
464 3281 587 3355 quanta,
603 3270 686 3347 boni,
702 3270 742 3334 sit
756 3269 860 3333 vivere
873 3286 987 3354 parvo,

202 3354 286 3435 (Nec
301 3378 387 3417 meus
403 3355 452 3418 hic
466 3378 565 3419 sermo
581 3367 637 3432 est,
652 3356 705 3419 sed
721 3378 791 3440 quae
805 3356 951 3441 praecepit
966 3353 1071 3419 Ofella

201 3438 357 3515 Rusticus,
373 3441 527 3504 abnormis
542 3442 674 3524 sapiens,
691 3443 852 3527 crassaque
870 3441 1031 3523 Minerva)

200 3524 331 3602 Discite,
348 3547 408 3588 non
424 3525 504 3588 inter
519 3524 622 3589 lances
636 3548 819 3610 mensasque
834 3528 978 3603 nitentes,

200 3609 306 3683 Quum
321 3621 425 3694 stupet
439 3610 551 3675 insanis
566 3612 648 3675 acies
661 3611 842 3698 fulgoribus,
858 3625 890 3675 et
904 3634 1001 3698 quum
1111 3615 1132 3673 5
