2442 4059
397 268 596 314 suarnanurr
618 270 685 315 nin.
702 271 725 314 1.
741 256 771 315 6.
1012 256 1051 317 17

111 423 220 499 Quem
236 422 348 488 rodunt
362 444 470 487 omnes
484 422 630 487 libertino
645 434 730 507 patre
745 432 873 488 natum:

112 509 148 573 N
150 532 218 585 unc,
235 510 308 595 quia
322 531 390 573 sum
405 508 470 585 tibi,
489 508 657 585 Maecenas,
674 510 847 588 convictor3
869 522 902 576 at
916 509 999 587 olim,

112 595 212 671 Quod
226 595 301 658 mibi
316 608 437 680 pareret
451 595 533 682 legio
551 595 692 659 Romana
706 596 839 660 tribuno.

111 680 276 745 Dissimile
293 680 350 745 boc
365 681 411 743 illi
425 694 488 745 est:
512 682 672 767 quianon,
689 692 724 745 ut
737 681 825 745 forsit
838 681 987 746 honorem

110 767 134 830 J
137 790 191 831 ure
207 767 281 830 mibi
296 766 432 831 invideat
447 766 557 852 quivis,
574 767 663 831 itate
678 789 803 853 quoque
817 767 961 846 amicum,
1009 773 1050 831 50

113 852 292 917 Praesertim
308 863 429 917 cautum
446 853 555 937 dignos
569 875 733 930 assumere,
750 854 842 939 pravi

111 939 297 1003 Ambitione
312 939 429 1024 procul.
475 938 612 1003 Felicem
630 938 733 1003 dicere
747 962 809 1003 non
824 940 884 1004 hoc

113 1023 175 1088 Me
191 1025 313 1110 possim,
330 1047 401 1089 casu
418 1025 498 1109 quod
515 1039 546 1089 te
561 1024 686 1089 sortitus
699 1026 848 1090 amicum:

113 1110 213 1174 Nulla
228 1111 343 1175 etenim
359 1110 415 1175 tibi
431 1133 480 1174 me
496 1111 557 1175 fors
572 1111 701 1183 obtulit;
724 1112 859 1197 optimus
873 1110 947 1176 olim

113 1196 277 1283 Virgilius,
293 1196 459 1281 posthunc
475 1197 597 1273 Varius,
614 1197 720 1260 dixere
736 1198 811 1282 quid
826 1220 935 1262 essem.
1009 1201 1051 1261 55

115 1282 166 1347 Ut
180 1282 252 1346 veni
267 1305 378 1359 coram,
394 1282 553 1368 singultim
568 1304 667 1367 pauca
680 1283 809 1360 locutus,

117 1368 242 1451 (lufaus
256 1391 389 1456 namque
404 1369 502 1454 pudor
518 1368 700 1455 prohibebat
715 1369 803 1454 plura
816 1370 945 1455 profari)

115 1454 192 1518 Non
207 1476 268 1541 ego
283 1477 332 1517 me
348 1456 429 1519 claro
442 1467 549 1519 natum
564 1467 661 1540 patre,
678 1478 739 1518 nou
755 1478 815 1542 ego
830 1456 944 1521 circum

116 1540 177 1605 Me
195 1540 377 1605 Satureiano
392 1542 507 1605 vectari
521 1563 592 1603 rura
606 1539 733 1618 caballo,

116 1625 193 1703 Sed,
204 1625 287 1712 quod
296 1649 389 1703 eram,
400 1648 507 1689 narro:
523 1625 691 1712 respondes
708 1629 758 1711 (ut
772 1636 843 1691 tuus
857 1644 904 1693 est
918 1628 997 1711 mos)
1010 1632 1051 1690 60

116 1712 240 1776 Pauca:
256 1712 351 1789 abe03
367 1724 399 1777 et
413 1733 536 1776 revocas
552 1734 634 1775 nono
649 1725 718 1795 post
731 1734 848 1790 mense,
859 1714 1016 1800 jubesque

115 1794 196 1862 Esse
211 1798 244 1861 in
258 1798 425 1863 amicorum
439 1820 577 1861 numero.
623 1798 777 1884 Magnum
793 1798 852 1863 hoc
866 1823 925 1887 ego
940 1800 1029 1877 duco,

115 1882 213 1958 Quod
228 1884 328 1969 placui
345 1884 411 1961 tibi,
427 1884 481 1969 qui
497 1884 578 1969 turpi
593 1884 728 1949 secernis
743 1885 915 1964 honestum,

116 1969 191 2033 Non
207 1981 294 2071 patre
308 1970 463 2055 praeclaro,
480 1969 533 2035 sed
550 1970 615 2036 vita
628 1982 660 2034 et
675 1982 797 2055 pectore
812 1994 900 2057 puro.

115 2058 218 2141 Atqui
233 2056 259 2120 si
274 2056 356 2121 vitiis
370 2055 574 2120 mediocribus
588 2078 625 2119 ac
640 2078 708 2121 mea
722 2056 827 2142 paucis
1010 2060 1051 2119 65

117 2140 275 2206 Mendosa
288 2154 335 2207 est
349 2154 466 2217 natura,
483 2141 598 2228 alioqui
613 2154 697 2206 recta
714 2143 813 2226 (velut
826 2142 853 2207 si

116 2227 258 2314 Egregia
273 2227 426 2312 inspersos
440 2226 646 2313 reprehendas
661 2250 786 2314 corpore
801 2229 938 2312 naevos);
1032 2298 1036 2305 ,

31 2367 36 2375 .
117 2314 152 2377 Si
169 2336 273 2399 neque
287 2312 455 2389 avaritiam,
472 2336 574 2399 neque
589 2313 703 2389 sordes,
719 2325 773 2378 aut
787 2314 867 2377 mala
886 2315 982 2379 lustra

116 2399 258 2485 Objiciet
272 2422 345 2463 vere
360 2399 522 2484 quisquam
539 2398 614 2462 mibi
623 2423 632 2476 3
655 2421 750 2484 purus
763 2412 796 2463 et
810 2400 915 2464 insons

118 2486 185 2569 (Ut
198 2508 248 2549 me
264 2485 448 2568 collaudem)
466 2485 492 2549 si
506 2497 539 2549 et
553 2485 624 2549 vivo
639 2507 726 2549 carus
740 2484 864 2562 amicis3
1010 2490 1051 2552 70

116 2572 222 2635 Causa
236 2571 295 2636 fuit
310 2584 396 2656 pater
411 2570 468 2646 bis,
484 2570 538 2656 qui
554 2593 655 2635 macro
670 2592 788 2657 pauper
801 2571 903 2672 agello

117 2657 230 2721 Noluit
243 2658 276 2720 in
294 2656 380 2721 Flavi
396 2656 500 2720 ludum
517 2678 566 2720 me
582 2656 715 2733 mittere,
731 2679 837 2757 magur

116 2742 192 2817 Quo
207 2742 305 2829 pueri,
322 2743 442 2828 magnis
457 2765 475 2805 e
489 2742 721 2807 centurionibus
736 2757 804 2819 ortt,

116 2829 215 2894 Laevo
228 2828 368 2913 suspensi
384 2828 499 2892 loculos
514 2828 711 2913 tabulamque
727 2828 840 2893 lacerto

116 2914 211 2980 lbant
225 2915 342 2979 octonis
357 2913 525 2978 referentes
541 2913 649 2977 Idibus
663 2936 742 2990 aara3
1012 2918 1053 2978 75

118 3001 182 3065 Sed
197 3023 328 3086 puerum
343 3013 390 3064 est
404 3022 495 3063 ausus
512 3000 643 3063 Romam
659 3013 781 3085 portare
795 2998 968 3064 docendum

117 3090 224 3167 ArteS,
239 3107 315 3172 quas
329 3084 438 3149 doceat
477 3086 554 3149 uivis
569 3107 665 3169 eques
678 3098 771 3171 atque
786 3098 908 3150 senator
1051 3095 1053 3098 '

117 3174 227 3236 Semet
240 3184 416 3257 prognatos.
493 3183 589 3235 estem
604 3193 770 3256 servosque
784 3183 959 3257 sequentes,

116 3258 155 3321 ln
171 3280 286 3345 magno
302 3276 335 3321 ut
349 3256 473 3342 populo,
490 3256 515 3320 si
531 3257 585 3342 qui
600 3256 735 3333 vidisset,
751 3255 835 3323 aviti

116 3344 169 3407 Ex
184 3367 218 3407 re
233 3342 362 3429 praeberi
376 3354 517 3428 sumptus
531 3342 606 3405 mibi
622 3343 762 3407 crederet
775 3343 853 3407 illos.
1011 3346 1053 3406 80

115 3430 189 3516 Ipse
205 3429 281 3493 mihi
296 3442 396 3494 custos
411 3428 691 3513 incorruptissimus
706 3451 813 3492 omnes

116 3516 244 3580 Circum
260 3514 399 3579 doctores
413 3514 528 3579 aderat.
573 3513 660 3589 Quid
677 3512 797 3577 multa?
811 3511 957 3597 pudicum

118 3601 200 3687 (Qui
216 3600 333 3688 primus
347 3599 471 3665 virtutis
485 3600 596 3681 honos)
614 3598 748 3663 servavit
762 3598 801 3661 ab
815 3594 900 3659 omni
