2442 4059
389 292 587 337 surrurnum
609 290 678 336 urs.
694 293 732 336 11.
747 277 778 337 4.
1009 277 1050 337 89
1104 283 1107 287 ”

116 446 252 513 Stultum
268 467 317 510 me
331 444 428 509 fateor
445 444 550 530 (liceat
565 444 733 510 concedere
750 443 843 527 veris)

115 538 222 619 Atque
238 533 330 597 etiam
345 532 503 607 insanum3
527 542 647 594 tantum
662 530 720 595 hoe
735 529 878 609 edissere,
895 550 957 616 quo
971 552 1021 593 me

114 619 282 707 AEgrotare
297 630 386 703 putes
400 617 495 680 animi
510 615 611 680 vitio?
657 617 732 681 Aeci
756 639 793 679 e:
817 616 950 701 primum
986 620 1049 681 235

114 705 276 781 AEdifieas‚
292 704 349 767 hoo
365 716 420 779 est,
438 703 546 788 longos
560 702 697 778 imitaris,
713 639 755 767 ah
767 702 831 765 imo

114 792 166 856 Ad
181 812 334 855 summum
352 802 433 853 totns
447 786 564 852 moduli
579 787 745 873 bipedalis3
768 798 802 851 et
815 788 898 853 idem

116 876 253 962 Corpore
269 876 414 961 majorem
430 874 510 939 rides
526 874 684 938 Turbonis
698 874 730 937 in
745 875 838 938 armis

116 963 265 1049 Spiritum
282 975 313 1026 et
327 963 500 1025 incessum:
524 960 578 1045 qui
593 959 739 1025 ridiculus
753 958 855 1027 miuus
869 960 946 1025 illo?
985 965 1048 1025 239

115 1052 167 1111 An
183 1047 389 1133 quodcunque
407 1047 481 1110 lacit
498 1045 664 1121 Maeeenas,
683 1057 714 1111 te
730 1068 854 1131 quoque
869 1068 976 1111 verum
991 1062 1047 1124 est,

114 1134 219 1199 Tanto
233 1132 420 1208 dissimilem,
438 1145 470 1196 et
485 1144 569 1196 tanto
584 1145 701 1197 certare
716 1132 890 1197 minorem?

116 1220 264 1285 Absentis
278 1240 360 1283 ranae
375 1218 466 1304 pullis
481 1217 570 1282 vituli
585 1218 664 1303 pede
679 1218 800 1304 pressio,

118 1306 208 1371 Unus
224 1305 276 1368 ubi
292 1304 410 1392 effugit,
427 1304 516 1369 matri
530 1304 682 1380 denarrat,
700 1316 734 1369 ut
747 1305 859 1392 ingens

115 1392 227 1456 Bellua
241 1404 388 1478 cognatos
403 1390 534 1455 eliserit:
557 1391 610 1453 illa
624 1412 743 1477 rogare,
984 1393 1050 1453 244

115 1476 308 1553 Quantane?
331 1498 405 1540 num
420 1490 549 1551 tantum,
565 1476 689 1540 sufflans
704 1498 747 1553 se,
763 1498 876 1563 magna
890 1475 1020 1541 fuisset?

114 1562 220 1649 Major
235 1562 370 1626 dimidio.
417 1562 501 1627 Num
517 1561 628 1626 tanto?
672 1562 780 1637 Quum
795 1562 893 1649 magis
907 1574 1001 1649 atque

117 1650 159 1714 Se
174 1649 272 1751 magis
286 1648 409 1712 inflaret
418 1672 427 1723 ς
446 1670 518 1724 non,
534 1647 606 1711 site
622 1647 751 1734 ruperis,
767 1649 878 1733 inquit,

115 1735 177 1801 Par
192 1757 261 1799 ens.
307 1733 386 1799 Haeo
400 1756 417 1798 a
433 1746 463 1798 te
478 1756 539 1797 non
556 1734 686 1798 multum
702 1734 820 1799 abludit
834 1734 946 1819 imago.

114 1821 206 1885 Adde
223 1832 363 1907 poemata
378 1842 460 1884 nune
477 1820 620 1901 (honest,
637 1820 738 1884 oleum
753 1820 831 1884 adde
846 1820 1001 1904 oamiuo);

115 1907 198 1983 Quae
212 1908 237 1970 si
253 1906 322 1992 quis
336 1928 427 1970 sanus
442 1907 525 1982 feeit,
542 1927 634 1970 sanus
647 1905 723 1971 facis
738 1918 769 1971 et
784 1919 827 1970 tu.
984 1911 1048 1970 250

113 1992 187 2057 Non
204 1993 272 2057 dieo
287 1992 466 2056 horrendam
483 1992 607 2056 rabiem.
651 1992 721 2056 Jam
737 1993 853 2057 desine.
899 1991 1027 2058 Cultum

114 2079 270 2164 Majorem
286 2100 389 2143 oensu.
435 2076 568 2154 Teneas,
586 2077 788 2165 Damasippe,
805 2080 865 2144 tuis
880 2091 921 2144 te.

114 2165 146 2231 Ο
161 2165 258 2251 major
273 2164 397 2229 tandem
411 2186 525 2251 pareas,
541 2165 659 2241 insane,
675 2164 796 2231 minori.

469 2419 473 2425 ι
482 2416 675 2427 -α--ι--ο

484 2616 604 2661 saulus
628 2616 672 2664 IV·

114 2764 220 2842 Unde,
236 2776 269 2829 et
283 2788 345 2851 quo
362 2762 607 2830 Catiusl-Non
624 2776 671 2829 est
685 2762 761 2828 mihi
776 2775 897 2852 tempus
911 2768 1015 2832 aventi

112 2850 237 2915 Ponere
251 2852 341 2938 signa
355 2851 441 2915 novis
456 2852 627 2936 praeceptis,
645 2850 747 2935 qualia
762 2851 886 2917 vineant
913 2884 920 2903 ·

112 2936 324 3024 Pythagoran,
343 2937 505 3022 Anytique
520 2959 616 3012 reum,
632 2936 818 3022 doctumque
836 2937 975 3005 Platona.

113 3022 280 3087 Peccatum
296 3024 404 3099 fateor,
421 3044 515 3107 quum
531 3033 562 3086 te
577 3022 621 3085 sie
636 3034 774 3107 tempore
789 3023 866 3087 laevo

111 3107 359 3193 interpellarim:
383 3109 441 3191 sed·
451 3110 506 3172 des
519 3108 641 3171 veniam
658 3108 765 3185 bonus,
782 3130 845 3173 oro.
1026 3115 1046 3173 5

111 3192 209 3269 Quod
223 3196 249 3258 si
263 3193 454 3259 interciderit
469 3194 524 3259 tibi
540 3215 623 3258 nuno
637 3194 763 3279 aliquid,
780 3209 902 3281 repetes
916 3218 1005 3272 mox;

111 3280 187 3344 Sive
204 3294 250 3345 est
264 3294 381 3345 naturae
396 3280 453 3344 hoo
468 3279 533 3344 sive
548 3280 631 3357 artis,
647 3281 742 3344 mirus
758 3295 897 3367 utroque.

110 3365 198 3441 Quin
214 3366 246 3429 id
262 3378 327 3431 erat
341 3388 430 3442 ourae,
449 3387 510 3452 quo
523 3376 613 3451 paeto
629 3378 739 3431 cuneta
754 3379 901 3443 tenerem,

110 3450 233 3537 Utpote
249 3474 297 3516 res
312 3466 430 3529 tenues,
447 3452 534 3517 tenui
550 3474 691 3515 sermone
706 3467 852 3538 pemetas.

110 3535 179 3601 Ede
195 3536 329 3603 hominis
343 3559 466 3614 nomen,
477 3537 567 3601 simul
582 3551 623 3612 et,
641 3538 854 3601 Romanusan
870 3536 988 3621 hospes.
1007 3541 1046 3601 lo

110 3621 184 3709 Ipsa
199 3646 316 3689 memor
331 3638 485 3711 praecepta
498 3644 623 3698 cauam3
645 3622 793 3687 celabitur
807 3635 921 3685 auctor.
