2442 4059
369 247 609 292 urrsrounnum
632 246 701 291 crs.
718 247 756 292 rr.
775 230 802 291 l.
1010 230 1052 292 85

114 402 245 487 Spectat
260 399 362 464 Roma
376 410 503 486 potens;
526 397 620 463 habet
635 398 689 463 hos
704 409 908 485 numeratque
923 411 1029 486 poetas

113 488 167 551 Ad
182 500 319 552 nostrum
336 499 457 571 tempus
474 485 545 549 Livi
559 485 715 572 scriptoris
729 485 768 549 ab
783 508 858 549 aevo.

115 573 277 637 Interdum
295 571 404 658 vulgus
420 585 536 636 rectum
553 572 655 646 videt3
680 584 726 635 est
743 571 794 634 ubi
810 583 926 656 peccat.

116 659 151 723 Si
169 676 289 723 veteres
304 658 346 721 ita
362 657 487 722 miratur
503 657 667 743 laudatque
683 671 798 742 poetas,
858 721 866 734 ‚

115 744 165 810 Ut
180 743 256 808 nihil
271 744 432 820 anteferat,
449 743 526 807 nihil
542 743 602 807 illis
618 757 784 828 comparet,
800 754 897 808 errat:
1012 748 1053 806 65
1163 811 1166 817 ,

116 830 153 895 Si
168 831 307 917 quaedam
324 830 415 893 nimis
429 829 566 915 antique,
582 830 607 892 si
623 829 771 914 pleraque
786 830 862 893 dure

115 916 234 981 Dicere
250 914 332 981 cedit
345 939 408 992 eos,
424 915 536 1002 ignave
552 916 648 979 multa
662 915 785 991 latetur,

115 1002 162 1067 Et
176 1003 265 1087 sapit,
280 1015 313 1067 et
327 1024 446 1065 mecum
463 1002 543 1079 iacit,
561 1013 593 1066 et
607 1001 686 1065 Jove
696 1000 817 1087 judicat
881 1024 929 1065 110.

117 1088 193 1153 Non
208 1088 352 1174 equidem
368 1088 510 1164 insector,
526 1086 696 1151 delendave
711 1023 934 1151 earminaelivi

117 1174 198 1239 Esse
213 1197 291 1250 reor,
309 1174 434 1237 memini
450 1196 520 1259 quae
534 1172 695 1259 plagosum
711 1172 786 1235 mibi
802 1195 896 1258 parvo
1013 1176 1054 1236 70

118 1261 275 1326 Orbilium
291 1259 425 1336 dictare3
447 1260 500 1323 sed
516 1260 680 1324 emendata
695 1258 790 1323 videri

118 1346 317 1432 Pulchraque
331 1360 365 1409 et
378 1346 494 1410 exactis
509 1345 670 1408 minimum
687 1344 840 1422 distantia,
857 1344 959 1409 miror.

117 1434 208 1497 Inter
222 1455 293 1518 quae
308 1431 434 1496 verbum
451 1430 577 1495 emicuit
591 1431 617 1494 si
632 1433 711 1494 forte
725 1431 880 1508 decorum,
938 1447 940 1451 ’
1018 1452 1022 1459 ·

119 1518 155 1583 Si
170 1541 277 1583 versus
292 1518 384 1604 paulo
399 1516 578 1581 concinnior
594 1539 673 1580 tinus
688 1530 721 1581 et
734 1516 821 1594 alter,

117 1605 241 1690 Injuste
258 1617 353 1669 totum
370 1603 456 1668 ducit
470 1602 640 1686 venditque
655 1624 774 1687 poema.
1014 1606 1055 1667 75

118 1691 272 1778 Indignor
287 1688 454 1776 quidquam
472 1687 667 1774 reprehendi,
684 1710 746 1751 non
761 1688 834 1774 quia
849 1710 947 1754 crasse

119 1776 336 1864 Compositum
353 1775 517 1860 illepideve
533 1787 669 1861 putetur,
685 1776 739 1839 sed
755 1775 829 1861 quia
843 1797 960 1861 nuper;

118 1862 190 1928 Nec
206 1863 326 1927 veniam
342 1860 487 1945 antiquis,
503 1861 557 1924 sed
573 1860 719 1924 honorem
736 1875 769 1925 et
784 1862 908 1947 praemia
922 1861 1016 1947 posci.

120 1949 232 2026 Recte,
250 1970 358 2024 necne,
376 1970 497 2011 crocum
513 1946 666 2032 floresque
682 1948 874 2033 perambulet
890 1950 974 2013 Attae

119 2034 251 2111 Fabula,
268 2035 293 2099 si
308 2034 458 2110 dubitem,
475 2032 609 2097 clament
625 2034 750 2118 periisse
766 2034 913 2119 pudorem
1016 2037 1057 2097 80

120 2121 237 2186 Cuncti
253 2142 341 2206 paene
357 2134 468 2203 patres,
485 2142 522 2182 ea
535 2142 632 2205 quum
648 2120 873 2204 reprehendere
888 2142 991 2197 coner,

121 2207 205 2283 Qua
218 2206 322 2294 gravis
338 2205 485 2291 AEsopus,
502 2228 572 2290 quae
586 2206 694 2268 doetus
711 2205 841 2270 Roscius
856 2206 941 2291 egit:

119 2294 193 2370 Vel,
210 2292 283 2379 qnia
298 2292 341 2356 nil
358 2308 485 2365 rectum,
502 2291 562 2355 nisi
577 2291 659 2377 quod
675 2290 792 2377 placuit
805 2292 873 2367 sibi,
890 2291 1023 2368 ducunt3

119 2380 193 2455 Vel,
211 2380 285 2465 quia
300 2392 389 2462 turpe
403 2390 515 2463 putant
530 2399 637 2463 parere
652 2376 830 2454 minoribus,
847 2391 880 2441 et
894 2399 965 2463 quae

121 2466 284 2531 Imberbes
298 2463 445 2540 didicere,
461 2485 551 2527 senes
567 2462 723 2548 perdenda
738 2462 836 2527 fateri.
1018 2468 1059 2529 85

120 2552 192 2616 Jam
210 2551 328 2617 Saliare
346 2550 457 2613 Numae
472 2572 594 2613 carmen
610 2548 664 2634 qui
681 2548 793 2625 laudat,
809 2562 842 2613 et
855 2549 942 2633 illud,

123 2637 217 2713 Quod
236 2659 356 2700 mecum
372 2634 381 2698 i
407 2650 503 2711 norat,
519 2634 601 2699 solus
618 2634 684 2698 vult
697 2634 774 2699 seire
791 2636 887 2700 videri
897 2660 907 2712 3

122 2723 266 2813 Ingeniis
282 2746 342 2787 non
359 2660 412 2785 ilie
427 2720 510 2787 favet
525 2720 705 2806 plauditque
720 2721 857 2806 sepultis,

122 2809 240 2875 Nostra
254 2809 307 2873 sed
324 2808 496 2891 impugnat,
513 2828 569 2871 nos
584 2820 750 2892 nostraque
766 2807 876 2873 lividus
890 2806 964 2873 odit.

123 2896 220 2972 Quod
235 2896 262 2959 si
277 2909 338 2959 tam
355 2892 461 2958 Graiis
475 2892 594 2956 novitas
608 2892 707 2955 invisa
721 2892 837 2970 fuisset,
1020 2900 1061 2958 90

124 2982 230 3058 Quam
247 2980 344 3057 nobis,
358 2979 432 3066 quid
447 3000 531 3042 nunc
544 2989 626 3042 esset
641 2977 752 3042 vetus?
766 2994 820 3043 aut
833 2979 907 3065 quid
923 2980 1060 3058 haberet,

124 3068 220 3144 Quod
238 3068 356 3154 legeret
371 3079 546 3150 tereretque
561 3063 675 3127 viritim
691 3064 833 3149 publicus
848 3066 942 3131 usus?

124 3155 174 3220 Ut
187 3154 321 3240 primurn
338 3152 444 3238 positis
460 3150 568 3237 nugari
586 3148 710 3214 Graecia
724 3150 812 3215 bellis

124 3240 242 3325 Coepit,
259 3254 291 3304 et
305 3239 336 3301 in
354 3238 460 3303 vitium
476 3238 598 3301 fortuni
615 3234 711 3300 labier
725 3236 824 3322 aquai,

123 3327 220 3391 Nunc
234 3325 417 3391 athletarum
433 3322 550 3399 studiis,
567 3344 651 3386 nunc
665 3324 739 3386 arsit
753 3346 920 3408 equorum:
1021 3330 1062 3388 95

124 3412 294 3477 Marmoris
308 3425 363 3475 aut
376 3409 476 3475 eboris
491 3410 592 3473 fabros
606 3421 661 3474 aut
675 3408 743 3473 aeris
756 3409 889 3472 amavitz

126 3498 297 3586 Suspendit
312 3496 394 3599 pictis
411 3495 529 3559 vultum
544 3507 743 3579 mentemque
759 3493 891 3569 tabellri3

125 3584 221 3650 Nune
236 3581 423 3660 tibicrnibus,
440 3604 523 3646 nunc
537 3594 585 3646 est
598 3580 706 3667 gavisa
719 3578 883 3665 tragoediae
