2442 4059
167 240 239 307 236,
490 238 771 287 surenenernrro.
1016 240 1116 308 [nnn.

168 396 239 442 bibuli
249 394 332 455 liquidi
343 393 417 439 media
428 393 455 439 de
466 392 515 439 lnce
527 392 628 447 Falerni,
643 390 692 445 sed,
709 399 736 436 ut
750 387 806 437 scite
818 390 878 437 dixit
889 392 1021 452 Bentleius,
1041 398 1116 452 bibuli

166 459 291 506 ridiculum
313 466 348 503 est
365 463 469 517 potorum
490 454 615 504 ἐπίθετον.
644 455 671 515 2)
694 455 788 510 Verum,
811 458 872 515 quod
889 459 1056 517 gravissimum
1079 470 1117 507 est

167 533 252 571 nostres
262 521 358 569 rationis
369 528 540 581 argumentum,
552 521 635 581 putida
645 520 739 565 omnino
751 521 860 566 videntur
871 536 907 568 vv.
918 526 995 571 media
1005 527 1036 572 de
1047 533 1116 573 nacte

167 593 191 635 et
202 595 320 635 nocturnos
329 601 422 646 vapores
437 586 470 631 ite
481 600 531 632 sese
549 585 695 645 excipientis.
703 608 736 618 ·-
745 580 862 646 [sapores]
881 588 967 634 'estus
986 591 1116 647 nocturni,’

168 650 277 714 (fames)
289 659 315 697 ut
325 650 395 699 etism
408 665 469 697 nunc
481 650 542 696 Galli
555 658 578 697 et
588 650 643 696 ltsli
654 651 686 696 les
695 665 800 709 oapeurs,
812 652 821 696 i
832 654 917 711 sapori.

200 718 240 773 iil,
257 718 295 764 82.
314 712 420 777 [nubem]
438 714 568 761 ‘tristitiam
591 730 618 761 ac
637 714 784 760 severitatem
803 730 856 761 cum
873 718 978 775 quidam
994 720 1115 777 instantii

167 780 329 843 conjunctam!
364 781 483 841 Frequens
504 780 589 838 imago.
617 779 665 825 Cic.
686 779 711 824 in
731 778 776 825 Pis.
796 780 819 835 9,
840 783 986 841 supercilium
1007 790 1116 829 team-

160 845 248 909 frontis
258 853 303 893 tna
314 846 453 892 nubeculam.
480 845 560 905 Eurip.
576 844 669 905 Hippoi.
683 842 735 898 173,
754 843 870 907 Στυγνὸν
886 840 906 889 δ’
921 843 1023 909 ὀφρύων
1040 845 1117 909 νέφος

168 908 309 965 αὐξάνεται.
319 935 351 945 -
361 906 474 971 [obscuri]
492 911 581 969 ¹Ssepe,
601 910 642 969 qui
656 924 681 955 re
698 910 752 954 versi
769 911 880 956 modestas
896 919 939 967 est,
959 912 1056 958 videtur
1072 916 1114 959 ob·

167 992 253 1032 scarus,
271 977 348 1032 idest,
360 970 503 1037 κρυψίνους,
522 974 619 1019 minime
635 981 728 1034 apertus
742 981 765 1019 et
782 972 889 1034 simplex,
908 977 949 1020 sed
960 977 1002 1035 qui
1014 977 1114 1025 intimos

168 1056 222 1087 suos
233 1056 313 1087 sensus
323 1040 407 1087 callide
418 1040 514 1094 occulat,
533 1041 662 1086 taciturnae
675 1052 755 1084 rursus
772 1041 874 1095 acerbus,
892 1040 971 1085 animo
989 1056 1004 1087 e
1014 1052 1114 1103 potente

169 1106 244 1153 amico
256 1106 313 1152 clam
325 1104 420 1151 averso!
776 1153 780 1168 δ

200 1170 303 1218 83-86.
322 1166 399 1229 [Inter
408 1165 501 1229 cuncta]
518 1167 596 1214 ‘omni
607 1176 718 1228 tempore,
727 1166 751 1213 in
763 1169 901 1228 quicunque
913 1168 1049 1217 conditione
1058 1171 1114 1217 rite

168 1235 238 1297 hujus
259 1236 321 1295 apud
343 1243 461 1294 potentem
483 1232 583 1279 amicum
606 1229 877 1294 tranensem-[leges]
900 1234 1112 1295 ‘philosophorum

163 1301 253 1361 scripta
269 1309 292 1346 et
304 1300 465 1360 percontabere
481 1298 597 1358 sapientes
608 1297 702 1353 amicos,
719 1313 772 1343 num
783 1307 805 1343 te
816 1298 873 1343 lucri
886 1307 909 1344 et
919 1301 1032 1358 potentiss
1044 1302 1113 1362 cupi·

169 1366 238 1418 ditus,
250 1365 286 1411 cui
298 1378 389 1423 semper
400 1364 465 1409 deest
474 1362 562 1421 aliquid
573 1370 597 1407 et
609 1378 660 1421 quae
669 1376 789 1421 nunquam
797 1363 912 1422 expletur,
920 1363 1010 1422 sgitare
1019 1365 1112 1421 debeat,

169 1446 199 1477 an
211 1430 256 1477 elis
267 1428 360 1475 vivendi
372 1429 429 1474 ratio
444 1426 540 1488 reperiri
555 1428 628 1487 possit
643 1428 717 1471 multo
729 1427 875 1485 tranquillior
885 1442 912 1473 ac
922 1427 1019 1482 felicior,
1038 1444 1110 1489 quam

169 1510 213 1553 ego
221 1510 258 1541 me
270 1496 378 1553 adeptum
387 1507 436 1539 esse
448 1493 514 1537 reor!
523 1515 555 1526 -
565 1489 718 1554 [mediocriter
726 1488 827 1553 utilium]
840 1507 891 1550 quse
903 1493 974 1539 Stoici
986 1489 1111 1558 ἀδιάφορα

169 1562 289 1606 vocabant.
316 1559 364 1605 Cio.
378 1559 406 1603 de
424 1556 528 1611 Finn.3,
542 1556 580 1616 16,
598 1558 706 1607 Quoniam
720 1563 795 1603 autem
805 1572 875 1612 omne,
893 1559 952 1618 quod
968 1564 1004 1605 est
1022 1561 1111 1617 bonum,

165 1626 265 1685 primum
278 1625 348 1670 locum
364 1629 438 1669 tenere
452 1623 554 1676 dicimus,
568 1636 655 1668 necesse
666 1628 700 1668 est
715 1636 755 1667 nec
767 1622 845 1668 bonan
858 1637 905 1668 esse
915 1638 956 1669 nee
967 1624 1052 1669 maium
1062 1626 1110 1679 lece,

169 1690 228 1749 quod
235 1704 345 1748 praepos
353 1690 420 1734 itam
431 1687 466 1733 oei
473 1688 642 1747 pracipaam
653 1680 836 1748 (προηγμένον)
848 1688 994 1733 nominamus.
1026 1689 1113 1751 ltaque

168 1755 195 1800 ia
210 1754 333 1811 definimus,
351 1753 410 1813 qnod
419 1754 450 1798 sit
460 1751 591 1811 indifferens
601 1766 651 1797 cosm
660 1753 807 1797 estimatione
817 1754 951 1798 mediocri
957 1770 966 1805 ,-
980 1754 1043 1813 qma
1051 1756 1112 1800 enin
1195 1797 1196 1802 ,

168 1819 204 1865 illi
216 1812 352 1879 ἀδιάφορον
362 1818 448 1870 dicunt,
460 1817 485 1861 id
495 1817 549 1862 mili
560 1818 593 1862 ita
604 1817 709 1871 ascanii,
720 1821 746 1861 ut
755 1811 927 1874 indifferens
937 1818 1043 1863 dicerem.

98 1898 99 1901 ¹
191 1880 303 1935 Ι87-99.
321 1876 450 1941 [doctrina]
468 1880 541 1926 Solita
561 1880 751 1940 philosophorum
773 1880 870 1939 quaestio
889 1878 945 1944 περὶ
965 1878 1068 1943 ἀρετῆς,
1089 1878 1112 1929 ei

169 1942 292 1993 iciacensis·
314 1947 343 1991 de
365 1946 412 2003 qui
433 1944 474 1991 clr.
496 1945 598 1991 Platonis
621 1940 921 2006 menonem-[mimae]
945 1944 1046 2007 peierare
1066 1962 1109 2007 pro

170 2014 177 2037 ¹
186 2011 266 2058 tollst'
276 2035 309 2043 -
318 2008 328 2071 [
332 2008 402 2070 pure]
414 2008 517 2055 ‘sincere
528 2022 554 2054 sc
565 2008 673 2069 perfecte,
684 2010 742 2055 udeo
753 2016 780 2054 ut
790 2009 849 2055 nihil
855 2012 906 2069 jism
917 2011 978 2056 ultre
988 2011 1109 2057 desidere·

169 2077 222 2123 tun’
256 2075 362 2126 ‘Quibus
378 2074 461 2120 studiis
477 2087 569 2133 quoque
581 2074 634 2119 vite
652 2074 758 2119 instituto
776 2074 806 2119 nd
824 2074 939 2135 placidam
958 2074 1110 2136 quietamque

169 2140 329 2188 constantiam'
342 2137 381 2200 (ut
392 2137 584 2198 tranqulllitetem
595 2138 677 2184 delinit
688 2138 769 2187 Cicero
781 2138 850 2185 Tusc.
860 2138 881 2195 4,
893 2136 927 2199 5,)
940 2141 1109 2199 ‘perventurus

168 2206 218 2253 sisi
236 2221 293 2252 num
304 2202 430 2251 ambitione
442 2210 465 2250 et
475 2202 574 2249 avaritiis
581 2202 598 2247 l'
606 2227 639 2235 -
647 2205 727 2250 semita
736 2200 825 2263 fallens
840 2212 876 2249 est
890 2205 965 2250 latens
975 2206 1108 2253 multitudi-

168 2284 238 2326 neme
256 2286 325 2331 quem
341 2269 447 2316 semitam
463 2268 504 2328 qui
518 2267 649 2327 ingreditur
664 2270 709 2315 iter
725 2268 796 2313 hebet
811 2276 921 2315 secretam
938 2271 968 2314 ab
985 2269 1109 2316 hominnm

168 2336 271 2395 vestigiis
281 2350 308 2383 ec
317 2334 458 2381 solitarium:
472 2334 514 2379 Iist
526 2347 604 2379 rursus
616 2332 675 2377 illud
684 2328 749 2379 nbis
758 2328 861 2392 βιώσας,
873 2342 900 2379 ut
911 2333 972 2393 Epp.
986 2333 1008 2381 l.
1018 2333 1057 2391 17,
1070 2334 1108 2381 19.

200 2400 303 2449 til-94.
321 2400 356 2445 De
364 2400 483 2460 Digentia,
494 2397 564 2444 hodie
575 2398 682 2453 Licensa,
695 2398 748 2444 vide
757 2399 817 2458 Epp.
831 2396 901 2453 1,16,
914 2398 1109 2446 ln-tranacu
1195 2449 1196 2460 ¹

167 2462 238 2511 hodie
255 2465 366 2511 Bondela.
400 2463 533 2509 “Mendela
549 2476 623 2521 pegus
640 2470 675 2508 est
689 2462 759 2508 nimis
773 2463 865 2521 algidus
881 2471 950 2521 utque
968 2463 1110 2511 contrahens

167 2528 252 2588 frigore
261 2538 284 2575 et
294 2543 379 2587 rugosa
389 2527 475 2574 faciens
486 2526 606 2572 hominum
618 2526 737 2587 corpors.”
761 2528 845 2587 Porplr.
853 2525 940 2588 —[Sit
950 2524 1019 2589 mibi]
1037 2531 1044 2553 ⁴
1053 2529 1109 2574 Per·
1195 2585 1196 2592 ἵ

167 2603 261 2639 meneut
283 2592 349 2651 mihi,
370 2594 432 2651 quod
454 2606 516 2637 nunc
538 2591 658 2651 persidem
684 2591 763 2647 etism,
784 2592 803 2636 si
825 2600 914 2651 partem
934 2592 967 2637 rei
987 2591 1110 2640 lumilisris

168 2657 274 2712 emisero,
296 2658 382 2703 idcirco
402 2656 518 2703 infelicem
536 2669 583 2701 non
600 2670 638 2701 me
656 2658 775 2715 reputabo.
809 2658 915 2703 Secundo
933 2658 983 2703 loco
1001 2666 1066 2717 opto,
1084 2668 1110 2704 ut

168 2722 230 2781 quod
242 2722 295 2767 vitae
306 2722 365 2767 mihi
376 2730 488 2781 superest,
504 2719 562 2766 mihi
572 2728 595 2765 et
605 2734 659 2766 meo
669 2722 739 2766 modo
749 2720 827 2766 vivere
838 2721 921 2768 liceet’

200 2786 239 2842 96,
250 2784 290 2839 97.
310 2783 429 2848 [proebe]
453 2786 506 2832 Non
523 2784 634 2843 avarities,
652 2785 694 2832 sed
711 2785 840 2832 securitatis
856 2786 1018 2831 tantummodo
1038 2789 1109 2833 musi

168 2859 241 2911 optet,
259 2859 285 2896 ut
298 2852 345 2908 ,sibi
358 2851 431 2898 victus
442 2850 467 2897 in
478 2850 582 2909 singulos
594 2864 667 2896 ennos
678 2850 784 2909 provisus
800 2850 831 2896 sit
847 2863 874 2896 sc
890 2858 1014 2910 propterea
1024 2859 1109 2897 certus.

167 2940 200 2949 -
208 2912 263 2977 [neu
268 2913 370 2976 fluitem]
383 2916 499 2967 Quartum
511 2922 553 2971 est,
564 2915 627 2974 quod
638 2924 709 2974 optet,
721 2922 748 2960 ut
756 2914 816 2960 vires
828 2915 901 2961 enimi
911 2923 982 2974 atque
993 2916 1109 2975 tranquil·

168 2980 221 3027 lites
233 2980 276 3027 sibi
288 2990 420 3039 suppetent,
438 2994 467 3026 ne
479 2994 583 3040 unquam
595 2978 657 3026 inter
667 2994 719 3039 spes
730 2994 756 3025 nc
772 2979 866 3026 timores
877 2987 1012 3039 ceterasque
1023 2980 1109 3027 mentis

168 3044 355 3105 perturbationes
366 3051 393 3089 et·
401 3044 434 3090 rei
453 3045 583 3091 domestice
598 3059 665 3090 curus
680 3044 764 3090 anxius
773 3052 844 3103 etque
855 3044 957 3090 incertus
967 3045 1041 3090 enimi
1051 3060 1108 3105 pen·

168 3110 266 3157 dest—
274 3105 387 3171 [fluitem]
404 3109 494 3155 Natare
505 3109 548 3160 lroc
559 3109 616 3155 dicit
624 3108 673 3156 Sat.
682 3110 704 3164 2,
713 3108 737 3163 7,
746 3108 768 3163 7.
787 3107 901 3155 Usitatius
909 3117 943 3155 est
949 3110 1109 3167 fluctuare.-

169 3170 304 3235 [pendulus]
329 3173 395 3218 nobis
412 3173 513 3233 proprie,
530 3176 555 3219 in
570 3170 815 3235 suspense-[lore]
832 3174 899 3221 Hora
917 3173 941 3220 h.
958 3173 983 3229 1.,
1000 3182 1028 3219 ut
1044 3174 1108 3234 virg.

168 3241 241 3287 Cetei.
263 3240 300 3294 12,
321 3238 359 3293 10,
374 3233 453 3298 saliae
475 3239 538 3293 hora,
555 3246 590 3283 est
610 3238 704 3284 fortune
723 3240 749 3283 in
770 3239 839 3284 horas
855 3238 956 3293 vemens,
974 3253 1026 3297 quse
1049 3241 1109 3285 bone

168 3313 265 3351 externe
277 3318 306 3350 ex
317 3304 442 3349 incertius
453 3301 533 3348 mobili
544 3311 605 3348 sorte
617 3302 743 3363 pendentia
752 3304 821 3349 modo
833 3304 911 3357 donst,
923 3304 992 3349 modo
1002 3302 1086 3351 suiert.

200 3370 239 3425 98,
250 3370 289 3417 99.
308 3366 367 3429 [Sed
376 3364 446 3428 satis]
462 3367 533 3412 ‘Post
543 3375 596 3413 vots
607 3368 636 3413 de
646 3367 696 3413 viti
706 3381 759 3413 vere
771 3367 835 3413 vitali
853 3375 877 3413 et
895 3368 1008 3413 librorum
1024 3367 1108 3429 frugis-
1195 3353 1196 3356 Ἴ

167 3447 214 3492 que
227 3435 288 3479 boni
298 3433 372 3493 copiis,
380 3434 430 3493 jem
442 3428 511 3477 eliem
523 3445 615 3491 precem
626 3432 754 3488 addiderat,
765 3432 835 3488 Neve,
844 3431 927 3491 inquit,
933 3434 1024 3490 fluitent
1035 3434 1107 3479 dubia

167 3512 206 3557 spe
215 3499 327 3555 pendulas
338 3500 405 3553 bora,
425 3497 468 3543 hoc
479 3503 521 3552 est,
536 3503 563 3541 ut
573 3511 594 3541 v.
607 3497 639 3544 99
650 3497 748 3553 dixerut,
766 3497 819 3543 Neu
826 3512 897 3556 pavor
907 3502 930 3543 et
940 3512 1015 3543 rerum
1025 3498 1106 3544 medio·

168 3562 239 3607 ariter
250 3564 339 3608 utilium
349 3578 399 3622 spes
409 3567 473 3609 venet
483 3576 517 3607 me
528 3561 661 3621 agitetque:
678 3562 740 3619 quod
752 3575 825 3620 quum
836 3561 925 3620 aliquid
937 3562 989 3606 τῶν
999 3558 1034 3622 ἐφ’
1046 3556 1107 3621 ἡμῖν

168 3634 193 3672 et
201 3624 227 3671 in
238 3625 337 3685 cujusvis
348 3635 461 3686 potestate
472 3626 509 3682 sit,
526 3633 606 3686 utpote
618 3640 665 3672 non
676 3626 707 3671 ed
719 3628 780 3672 bons
790 3633 895 3682 externe,
910 3624 952 3671 sed
961 3625 995 3671 cd
1002 3625 1107 3673 animum
