2442 4059
180 278 202 337 4
467 292 667 338 SATIRARUM
688 292 755 337 mn.
772 294 795 337 1.
809 278 840 337 2.

183 444 394 529 Opprimeret,
410 444 578 510 metuebat.
625 446 670 508 At
683 443 766 509 hunc
779 445 890 510 liberta
903 443 1004 510 securi

183 532 301 596 Divisit
317 532 463 608 medium,
479 530 644 596 fortissima
658 530 917 616 Tyndaridarum.
1059 533 1120 594 100

184 616 272 693 Quid
288 618 329 681 mi
345 617 439 705 igitur
454 616 587 682 suades?
603 628 638 680 ut
651 616 752 681 rivam
769 616 929 682 Maenius?
943 628 998 682 aut
1011 617 1066 694 sic,

184 703 231 769 Ut
248 703 487 768 Nomentanus?
532 702 643 789 Pergis
657 702 829 790 pugnantia
842 726 948 768 secum

184 788 352 854 Frontibus
366 788 501 854 adversis
515 810 720 874 componere:
743 811 805 852 non
820 812 891 875 ego,
907 812 1033 854 avarum

184 873 292 950 Quum
308 889 379 940 veto
395 887 425 939 te
441 874 517 951 lieri,
534 896 667 959 vappam
677 873 775 960 jubeo
788 898 824 939 ac
838 874 1036 940 nebulonem.

184 960 243 1025 Est
258 961 338 1025 inter
354 961 475 1025 'sanein
492 960 637 1046 quiddam
651 982 855 1046 socerumque
871 960 991 1026 Viselli.
1061 966 1121 1025 105

185 1046 245 1112 Est
259 1049 366 1111 modus
381 1047 413 1110 in
428 1046 530 1122 rebus,
546 1059 620 1111 sunt
634 1046 711 1110 certi
725 1046 861 1132 denique
876 1046 963 1124 lines,

186 1132 276 1209 Quos
291 1133 371 1198 ultra
385 1133 523 1217 citraque
539 1132 649 1217 nequit
663 1133 829 1197 consistere
844 1148 973 1197 rectum.

185 1218 275 1295 Illuc,
293 1220 374 1284 unde
389 1218 461 1295 abii,
478 1217 581 1283 redeo.
628 1218 771 1282 Nemone
787 1231 820 1283 ut
833 1241 942 1283 avarus

85 1370 88 1376 ,
187 1305 229 1369 Se
244 1305 364 1390 probet,
380 1327 416 1368 ac
430 1303 533 1390 potius
547 1298 653 1369 landet
666 1304 786 1369 diversa
799 1303 990 1389 sequentes?

187 1391 344 1476 Quodque
360 1390 461 1455 aliena
475 1390 593 1475 capella
606 1403 695 1477 gerat
709 1390 872 1456 distentius
885 1391 972 1469 uber,
1061 1396 1123 1457 110

184 1476 217 1539 T
217 1476 365 1542 abescat'?
389 1499 489 1562 neque
504 1499 537 1540 se
552 1476 661 1563 majori
675 1476 892 1563 pauperiorum

186 1562 304 1637 Turbae
318 1575 491 1648 comparet3
511 1561 592 1626 hunc
606 1576 700 1648 atque
716 1562 798 1626 bunc
812 1584 956 1648 superare
970 1560 1113 1627 laboret?

186 1649 240 1713 Sic
254 1648 412 1714 festinanti
427 1670 549 1733 semper
563 1649 744 1734 locupletior
758 1649 875 1713 obstat:

188 1735 244 1811 Ut,
262 1757 356 1820 quum
373 1734 545 1799 carceribus
558 1735 667 1799 missos
681 1735 763 1819 rapit
778 1734 894 1820 ungula
907 1756 1023 1812 currus,

187 1820 288 1885 Instat
302 1821 390 1906 equis
403 1821 512 1907 auriga
525 1842 596 1885 suos
611 1820 816 1897 vincentibus,
832 1819 918 1883 illum
1063 1823 1124 1882 115

188 1908 384 1971 Praeteritum
400 1918 542 1971 temnens
556 1921 710 1971 extremos
725 1906 804 1971 inter
820 1922 954 1971 euntem.

187 1992 266 2057 Inde
282 1993 325 2070 fit,
343 2005 377 2057 ut
391 2015 469 2069 raro,
486 1992 588 2077 quise
604 1992 718 2056 vixisse
734 1992 857 2057 beatum

187 2078 293 2156 Dicat,
310 2090 342 2143 et
356 2089 465 2143 exacto
480 2090 644 2143 contentus
659 2093 797 2163 tempore
812 2078 883 2142 vitm

189 2164 289 2230 Cedat
303 2166 348 2229 uti
364 2164 493 2229 conviva
506 2176 600 2241 satur,
617 2164 751 2250 reperire
767 2185 925 2249 queamus.

187 2251 258 2315 Jam
272 2251 345 2315 satis
359 2263 424 2316 est:
448 2273 489 2314 ne
504 2273 553 2314 me
571 2250 708 2336 Crispini
722 2250 834 2315 scrinia
848 2249 924 2336 lippi
1066 2250 1125 2312 120

189 2337 380 2423 Compilasse
396 2350 495 2423 putes,
512 2336 640 2401 verbum
656 2359 718 2399 non
733 2335 865 2423 amplius
878 2334 997 2400 addam.

569 2523 733 2537 ὴ

535 2666 580 2709 EX
604 2666 725 2710 saman
748 2667 786 2710 11.

189 2780 433 2845 Ambubaiarum
449 2782 590 2869 collegia,
606 2782 860 2869 pharmacopolae,

190 2866 341 2943 Mendici,
357 2867 470 2945 mimae,
487 2869 670 2946 balatrones,
686 2869 745 2933 boc
759 2892 858 2956 genus
873 2889 964 2932 omne

190 2952 338 3017 Maestum
353 2977 390 3018 ac
403 2954 567 3020 sollicitum
583 2967 630 3019 est
643 2956 776 3019 cantoris
790 2968 888 3019 morte
903 2952 946 3016 Ti
970 2950 1040 3015 elli:

190 3038 319 3125 Quippe
334 3040 488 3127 benignus
503 3052 578 3105 erat.
626 3040 743 3105 Contra
756 3040 815 3117 bic,
832 3062 872 3103 ne
888 2976 1035 3125 prodigus
1049 3057 1117 3101 esse

189 3125 323 3190 Dicatur
337 3139 488 3199 metuens,
505 3125 589 3211 inopi
605 3125 678 3189 dare
693 3126 770 3191 nolit
784 3126 893 3202 amico,
1107 3128 1127 3186 5

190 3211 304 3297 Frigus
318 3235 381 3297 quo
395 3212 565 3297 duramque
579 3212 693 3275 famem
708 3211 880 3298 propellere
895 3209 1001 3296 possit.

190 3298 287 3362 Hunc
301 3297 327 3361 si
343 3299 539 3383 perconteris,
555 3297 606 3361 ari
621 3310 782 3383 curatque
799 3297 934 3384 parentis

190 3382 373 3448 Praeclaram
389 3383 510 3469 ingrato
525 3383 657 3469 stringat
671 3384 768 3448 malus
782 3383 921 3471 ingluvie
935 3404 1012 3464 rem,

190 3467 308 3533 Omnia
322 3469 480 3533 conductis
495 3491 640 3533 coemens
654 3469 780 3534 obsonia
795 3469 947 3534 nummis:

191 3553 339 3618 Sordidus
352 3567 446 3638 atque
461 3555 554 3618 animi
571 3554 653 3639 quod
668 3555 754 3641 parvi
769 3557 847 3621 nolit
861 3555 977 3632 baberi,
1089 3555 1129 3615 10

188 3639 380 3724 Respondet.
425 3639 585 3706 Laudatur
598 3641 638 3707 ab
653 3642 710 3726 bis,
725 3644 866 3731 culpatur
878 3642 919 3709 ab
933 3641 1003 3707 illis.
