2442 4059
109 261 164 300 utu.
177 261 196 298 1.
208 247 244 311 5.]
444 249 729 298 iuuuurrtuunulo.
994 247 1056 312 199

144 401 168 457 6,
186 399 208 455 7.
227 395 331 462 [corpur]
354 400 476 448 dumtaxat
494 401 595 448 brutum.
606 395 726 485 —]ernr]
745 400 859 459 ‘eempea
875 391 972 460 ex'quo
991 400 1052 447 inter

110 481 155 512 nor
173 465 259 512 reraari
278 464 367 524 coepiati
388 479 478 524 egoque
502 476 524 512 te
545 463 651 524 cognovi.
668 462 773 525 -[rr're
791 462 896 526 pectore]
920 468 981 512 ‘nou
1000 480 1051 512 erar

111 545 202 586 excors,
217 528 311 576 animur
321 538 376 576 ruur
388 538 412 575 et
427 539 493 576 tener
508 539 558 576 erat
571 531 596 575 in
615 527 725 582 amicitid.
743 539 768 575 et
783 530 832 575 reri
848 530 948 589 cupidus
958 539 982 576 et
997 531 1050 590 pul-

110 596 162 642 chri
181 609 252 640 rensu
270 593 356 640 eximie
372 594 499 653 preditua'
515 594 621 656 (aoitdmt
635 592 783 655 arriduity.)
815 594 915 645 Quintil.
930 595 966 651 10,
977 594 1001 648 7,
1014 594 1052 649 15,

107 661 189 721 pectre
207 665 248 714 ert,
264 660 324 720 quod
339 660 435 708 dirertor
445 657 509 720 fucit
524 667 547 707 et
562 663 597 706 uir
611 661 741 706 arentia-
753 655 879 721 [formum]
891 660 945 705 Vita
955 659 1052 719 antiqua

113 725 210 775 Tibulli.
221 724 324 784 iusignia
333 720 384 782 fuit
393 721 473 784 soma
489 727 595 786 cuuuque
612 725 712 784 corporis
724 724 877 771 olmoolrr‘lr'r.
887 748 919 759 —
932 721 1050 785 [diuitiae]

111 789 193 848 qualea
204 803 259 834 mox
268 788 398 834 accuratius
409 789 516 848 derigunt
524 805 545 835 r.
554 789 592 844 11,
602 795 628 834 et
639 788 746 834 Tibullus
754 788 804 849 ipre
815 790 845 835 de
855 804 889 844 re,
900 790 921 844 l,
931 790 953 845 1,
963 789 1001 844 77,
1011 805 1052 850 ego

110 856 232 913 comperite
247 868 339 900 recurre
349 869 430 901 acerno
440 855 570 915 Despiciam
580 856 641 900 diter
651 855 816 916 despiciamque
823 851 917 914 suarem.
926 879 959 888 -
971 853 1054 917 [dede-

109 916 178 980 runt]
194 919 245 964 Hac
258 918 412 977 perlectorum
427 919 557 978 quantitate
572 932 634 978 raepe
650 916 686 964 uri
702 927 756 964 eunt
766 927 850 978 poetre.
882 919 948 978 Virp.
962 920 1018 966 AEn.
1029 920 1053 975 2,

110 983 167 1039 774,
181 984 293 1042 Obstupui
302 989 456 1045 steteruntque
466 999 532 1032 cornae
542 991 566 1032 et
575 999 618 1031 cor
624 979 735 1042 saucidur
745 985 819 1030 ierit.

144 1049 167 1095 d
181 1043 320 1108 [nutricula]
334 1048 417 1094 Totam
427 1050 555 1096 clausulam
572 1049 605 1094 ric
620 1047 750 1094 construxit
761 1047 900 1094 Lambinus:
918 1047 933 1072 ‘⁴
942 1046 1054 1106 Alumno,

110 1113 153 1172 qui
170 1125 251 1172 rapere
268 1119 291 1158 el
303 1112 346 1158 lari
363 1114 436 1172 poerit
449 1129 501 1174 qum
518 1113 610 1168 sentiat,
621 1121 645 1160 et
655 1112 693 1159 cui
703 1113 787 1172 gratie,
797 1113 867 1169 sama,
877 1113 987 1160 valetudo
997 1128 1054 1159 con-

111 1178 189 1236 tingat
204 1178 298 1224 abunde
315 1185 339 1224 et
358 1178 459 1224 mundun
477 1179 559 1233 victua,
573 1180 625 1231 irc..
644 1177 702 1236 quid
722 1177 840 1224 nutricula
856 1185 921 1237 optet
939 1178 1054 1238 maJurl”

111 1239 132 1304 (⁶
140 1244 220 1302 Atque
241 1240 291 1288 hrec
312 1242 399 1298 omnia,
419 1243 504 1302 quibus
526 1259 555 1290 ue
577 1242 796 1289 benevolentirrirua
820 1243 916 1302 quidem
937 1243 1055 1289 nutricula

110 1307 202 1366 majora
213 1307 307 1352 alumno
318 1315 398 1366 optare
409 1308 490 1368 poerit,
500 1316 525 1354 tu
536 1322 617 1368 reapse
629 1307 717 1353 heber:
734 1321 790 1366 ergo
802 1309 857 1368 jure
869 1308 911 1353 tui
920 1305 1054 1354 conditione

110 1379 235 1420 comentur
249 1371 290 1417 ea!

146 1435 234 1484 9-11,
252 1372 343 1496 [mirere
359 1443 382 1484 et
390 1433 456 1498 scri]
468 1438 545 1484 ‘recte
560 1436 663 1496 cogitare
674 1435 794 1499 (quocirca
809 1437 880 1484 eriam
898 1436 982 1482 rationi
999 1451 1055 1482 eon·

112 1501 235 1548 venienter
246 1500 319 1557 viret)
331 1501 478 1561 iucundeque
494 1516 576 1548 renrur
592 1516 646 1549 euna
657 1501 773 1562 explicare
783 1510 854 1561 atque
865 1517 920 1548 cum
929 1501 981 1547 aliia
992 1515 1056 1547 ccm-

112 1565 249 1612 ruunicare.’
260 1589 293 1599 -
305 1563 350 1626 [Et
361 1567 457 1613 mundar
466 1563 551 1627 victur]
562 1566 633 1614 Corn.
645 1569 704 1627 Nep.
716 1569 765 1614 Art.
778 1566 815 1623 13,
824 1569 848 1623 ὅ,
858 1567 925 1613 oraui
934 1568 1058 1628 diligantid

110 1632 256 1742 erunddiorz,
277 1645 321 1750 ngr:
339 1633 477 1690 affluentiam
494 1633 625 1693 affectabat.
667 1633 769 1679 Mundur
788 1642 825 1678 eat
841 1628 966 1694 καθάριος,
983 1647 1058 1692 purur

146 1696 234 1742 tiuare
252 1710 268 1741 n
311 1729 318 1742 .
844 1727 848 1731 ‚

112 1709 249 1808 Pola-14
262 1710 339 1820 [iuter
349 1757 422 1821 mem]
434 1758 510 1808 Addit
519 1757 627 1824 γνώμην
636 1776 656 1808 a.
666 1761 743 1808 locam
754 1774 909 1816 communem,
920 1776 967 1821 quo
978 1768 1058 1807 tanuen

113 1839 264 1885 nequaquam
282 1825 432 1885 reprehendit
448 1826 558 1885 amicum,
576 1835 602 1873 ut
621 1827 667 1873 rati
683 1834 738 1874 runt
753 1826 892 1885 interpreter
910 1826 1056 1872 mororiorea.

115 1889 163 1938 Ert
172 1889 295 1950 dercriptio
304 1890 356 1936 rite
367 1891 484 1946 humanm,
495 1905 547 1950 qua
558 1905 588 1938 ex
600 1892 685 1939 nuturi
695 1894 775 1939 nostri
783 1890 854 1937 rariir
863 1891 984 1938 affectibur
993 1904 1056 1936 eem-

113 1969 159 2016 per
176 1953 324 2014 agitatur.-
336 1951 470 2017 [diluriare]
489 1955 514 2002 lu
531 1957 600 2015 proci
618 1971 652 2005 or.
671 1971 727 2003 rane
747 1954 854 2017 uritaiiua
870 1963 931 2002 erret
946 1957 1057 2011 iliu-cirre,

115 2021 181 2065 unde
200 2020 304 2065 Muretus
322 2015 456 2082 ἀρχαϊσμῷ
475 2020 500 2067 in
520 2021 617 2068 Horatio
637 2022 734 2068 minime
752 2020 868 2068 tolerabili
888 2022 981 2067 volebat
997 2020 1058 2066 tilid

115 2085 225 2130 illrrime.
235 2108 269 2118 -
280 2081 382 2146 [Grato]
401 2086 495 2132 Terent.
512 2086 605 2132 Phorm.
623 2087 647 2142 2,
663 2087 688 2140 3,
705 2086 745 2142 21,
765 2087 883 2147 Quidquid
895 2092 981 2146 praeter
996 2099 1057 2144 rpem

115 2151 210 2204 aarum,
220 2163 282 2196 ornae
298 2151 324 2195 id
339 2151 451 2209 deputabo
466 2153 553 2198 erreer'n
562 2153 633 2198 lucro.
642 2175 675 2186 -·
688 2147 853 2213 [superveniet]
863 2152 870 2175 ⁴
879 2149 976 2209 iuauper
986 2156 1057 2208 atque

115 2213 276 2273 inexspectata
286 2213 328 2260 tibi
341 2214 464 2261 adveniet!

151 2277 188 2333 15,
202 2277 238 2324 16.
257 2275 309 2338 [Me
322 2276 443 2340 pinguem]
457 2279 531 2328 ‘Haec
545 2279 597 2340 lprr
610 2286 727 2340 precepta
740 2287 835 2325 atrenue
846 2292 884 2324 me
895 2276 971 2336 requi,
982 2275 1022 2322 ubi
1032 2276 1059 2322 in

116 2345 198 2388 urbem
210 2343 308 2397 veneria,
320 2343 409 2390 ridebir
420 2345 456 2390 uel
472 2358 501 2391 ex
513 2344 571 2392 lucie
582 2345 652 2390 mei!
685 2346 750 2391 Suel.
762 2343 810 2390 Vir.
823 2343 889 2397 Hor,
900 2343 991 2388 Hudr'tu
1007 2357 1058 2388 cor·

113 2409 177 2469 perir
190 2409 262 2454 druria
266 2403 318 2466 fuit
327 2415 396 2468 utque
406 2410 511 2455 oleran
518 2433 551 2442 -
559 2405 682 2470 [nitidum]
694 2416 788 2468 propter
798 2406 873 2466 iprum
883 2406 1059 2467 pinguedinem.
1125 2399 1131 2408 ’

118 2473 165 2520 Sul.
178 2472 201 2525 2,
212 2471 235 2527 2,
249 2472 301 2519 luc.
312 2498 345 2506 —
356 2471 451 2535 [curntd
467 2470 531 2534 cute]
548 2474 592 2532 Ep.
612 2474 634 2528 1,
650 2474 673 2528 2,
688 2474 726 2521 29.
735 2495 768 2506 -
781 2468 900 2534 [porcam]
919 2472 1060 2518 iunocenter

113 2538 205 2599 iuretur
215 2536 240 2581 iu
251 2544 326 2582 aemet
335 2537 419 2598 iprum.
454 2538 634 2598 Comparatioue
646 2539 691 2585 icti
707 2537 805 2598 petitia
819 2540 913 2597 pecude,
924 2539 961 2583 cui
971 2539 1060 2584 unimur

117 2603 185 2649 datar
194 2607 229 2648 ert
237 2616 279 2661 pro
289 2603 344 2657 sule,
355 2619 383 2650 aa
390 2609 497 2663 putcrcrt
504 2602 564 2664 (Cic.
576 2604 605 2650 de
616 2603 685 2650 Finn.
694 2604 718 2659 ὅ,
729 2602 771 2662 13)
781 2601 859 2648 inuehi
870 2603 976 2648 colebant
987 2601 1060 2648 Stoici

118 2666 143 2712 iu
153 2666 297 2712 advenerim
308 2681 368 2714 auor.
402 2667 451 2714 Cic.
464 2668 541 2716 l’iron.
555 2667 593 2724 16,
606 2668 707 2728 Epicure
723 2675 806 2722 rortrr,
822 2681 850 2714 er
865 2669 925 2714 lrrrd
938 2669 1057 2727 producte,

118 2747 159 2780 rra
169 2746 198 2778 er
208 2732 293 2778 rclrold.

487 2861 647 2908 Ertsuouu
664 2862 693 2909 V.

149 2987 258 3037 Akour.
276 2990 364 3038 inritat
375 2999 443 3051 poeta
452 2990 553 3038 amicum
564 2991 595 3038 nd
606 3005 697 3038 coenem
706 2990 830 3050 frugalem,
839 2991 882 3038 red
892 2992 979 3045 laetam,
990 3004 1062 3048 quam

119 3055 223 3116 proxime
234 3063 290 3102 ante
302 3057 400 3102 cesarie
408 3056 530 3104 Octaviani
539 3055 602 3103 diem
611 3056 714 3102 netalem
721 3055 825 3102 iacturur
836 3066 894 3111 erat,
905 3057 1020 3114 simulque
1031 3055 1062 3100 ad
1129 3056 1131 3069 '

120 3120 215 3170 lilurem
228 3120 282 3166 vitre
299 3136 368 3168 urum
384 3121 477 3168 excitat.
512 3122 547 3167 De
559 3121 679 3181 Torqurto
689 3124 786 3183 ejurque
797 3122 901 3168 morihua
912 3119 965 3166 uide
976 3120 1006 3165 ad
1017 3119 1064 3164 Od.

122 3189 141 3240 4,
153 3184 176 3239 7.
210 3185 300 3245 Scripta
309 3185 401 3232 videtur
412 3199 494 3233 n.u.c.
506 3185 561 3241 733,

152 3249 222 3298 1-:t
241 3247 280 3311 [Si
289 3257 352 3309 poter
378 3251 419 3298 ‘Si
429 3260 494 3312 poter
502 3251 546 3298 hoc
554 3253 596 3297 aba
606 3257 631 3297 te
641 3251 775 3311 impetrare,
785 3258 812 3297 ut
823 3265 914 3296 mecum
924 3246 1062 3298 accumbar,'

122 3317 204 3360 tc—
217 3311 351 3374 [Arclrt'ncir
384 3315 542 3376 ‘rimplicibua
561 3316 666 3377 quidem,
686 3316 727 3362 red
746 3316 816 3363 rimul
835 3315 891 3361 ratic
909 3311 1063 3370 elegantibur,

121 3379 199 3438 qualer
208 3381 308 3426 rendere
320 3381 378 3426 solet
390 3381 503 3437 Archiae:
512 3381 577 3428 iuber
588 3381 697 3427 lectauua
708 3382 790 3428 Roma
801 3390 858 3427 tunc
869 3386 945 3424 notua.
956 3399 987 3410 -·-
1001 3372 1063 3436 [elur

120 3440 192 3504 amne]
205 3441 234 3491 ri
246 3439 379 3506 lrtruxdrr,
390 3445 522 3502 braraicum,
533 3448 620 3503 hetam,
637 3446 751 3501 cichorea,
766 3444 893 3504 legumina,
906 3443 949 3488 &a
959 3465 993 3474 —
1006 3441 1063 3498 [Sa-

115 3511 282 3570 premo-roie]
302 3511 360 3556 ‘rub
379 3524 485 3556 orcarum
502 3510 564 3566 rolla,
580 3511 610 3556 ad
628 3525 757 3570 reaperam,
774 3510 854 3567 itaque
870 3506 965 3564 negotia
979 3514 1019 3552 tua
1033 3507 1064 3552 ud

116 3573 190 3620 finem
207 3574 335 3632 perducere
351 3574 454 3634 poteria!
488 3575 601 3622 flcmauir
617 3574 680 3621 inter
698 3575 779 3620 luorum
797 3570 945 3617 undecimam
962 3579 986 3618 et
1004 3573 1064 3622 duo·

118 3638 241 3694 decimum,
253 3638 320 3686 uobir
331 3653 412 3688 menae
423 3639 554 3701 Septembri
565 3647 669 3750 {meme
678 3639 722 3685 rub
734 3638 816 3684 horam
827 3635 957 3697 reptimauu
