2442 4059
126 244 176 282 ma.
188 236 206 282 l.
220 229 256 296 9.]
456 233 740 284 tuuaarautnmaz
999 232 1069 302 137

124 383 171 430 boo
182 383 291 431 vaticinio
303 385 410 432 amnibus
426 385 492 432 iatiua
509 385 611 434 hominia
628 386 742 433 similibua
758 386 874 447 tignlficat
887 400 912 433 ee
925 386 985 434 nibil
995 388 1071 449 magia

125 450 256 494 abominari
267 464 338 508 quam
350 451 492 509 garrulante
504 452 619 499 molestos.

158 513 260 568 35—37.
275 511 320 575 [ad
330 512 416 576 Vesta]
430 525 455 562 ut
463 515 505 563 Gr.
517 513 551 572 εἰς
562 513 734 572 Ἀπόλλωνος.
751 515 804 562 ‘Ad
814 517 926 578 *fornicem
940 516 1070 564 Fabianum

125 591 155 624 ex
167 579 237 624 Sacrd
249 580 295 625 Via
309 580 466 627 sinistrorsum
483 595 507 626 ae
524 592 688 628 converterant
704 591 823 640 tamquam
842 583 945 629 Tiberim
965 582 1072 642 petituri,

125 650 190 688 trane
201 657 273 702 quem
283 647 367 690 cubare
379 646 471 692 dixerat
486 647 602 702 amicum3
619 646 802 708 progrediuntur
818 662 845 693 ea
862 647 921 702 rico,
938 662 1009 706 quem
1025 650 1070 694 nub

125 706 194 753 Velia
204 717 311 755 vocatum
328 709 477 765 arbitramur,
494 719 518 756 et
534 713 629 758 tandem
646 711 676 757 ad
691 711 767 757 Veatae
785 713 897 772 templum
913 711 1069 771 perveniunt?
1085 753 1090 762 .

125 771 203 818 Vertar
225 782 304 820 autern
326 775 439 835 templum
461 775 491 821 ad
512 775 598 821 Forum
620 776 682 822 inter
701 776 843 834 Capitolium
865 777 1071 823 etl’alatiume-

126 833 224 898 [quartd
250 839 324 885 ‘hard
335 840 420 886 tertia)
455 840 556 886 Martial.
568 841 591 896 4,
603 842 626 896 8,
638 842 661 895 2,
672 841 771 887 Ειονσεε
787 856 867 888 raucae
882 845 952 888 tertia
967 843 1072 889 comidi-

124 917 210 948 eaa-
233 902 378 966 respondere]
398 904 422 950 ia
435 905 496 964 jure.
530 905 577 953 Cic.
590 906 657 952 Verr.
671 906 693 962 2,
709 905 731 960 l,
749 904 771 962 l,
789 908 864 966 opinio
878 909 957 966 populi
971 908 1070 954 Rmaani

117 963 178 1028 finit,
192 967 217 1013 G.
234 969 325 1015 Verrem
337 971 412 1016 altera
426 971 513 1016 actione
529 985 686 1030 reepaneuraar
701 985 746 1016 non
762 986 810 1017 etta
825 986 896 1032 aeque
911 969 1070 1031 adjudicium

124 1031 266 1092 affuturam.-
278 1065 284 1079 .
295 1066 302 1080 .
312 1041 412 1093 ‚presta
423 1040 464 1087 eet,
471 1036 595 1094 respondet,
602 1031 882 1096 ridendum-[nadair]
894 1034 1070 1101 ‘vadimonium

124 1095 199 1151 abire,
210 1095 292 1143 aiatare
308 1112 333 1144 aa
349 1098 374 1143 in
388 1098 476 1159 Judiaia
492 1099 632 1154 adversaria,
647 1099 687 1159 qui
699 1113 753 1145 eum
766 1101 863 1146 vadatae
873 1109 931 1155 erat,
943 1102 1070 1148 aodimaar'a

123 1160 282 1222 alligauerat}
295 1170 321 1208 ut
333 1162 366 1209 ait
377 1164 450 1209 Gaius
462 1163 483 1218 4,
498 1162 550 1217 137.
563 1187 595 1198 -
607 1162 716 1225 [perdere
726 1162 802 1225 atem]
821 1165 858 1210 Ex
870 1179 892 1210 v.
903 1165 1001 1211 debedat
1010 1167 1069 1212 elice

126 1224 163 1269 ‘ei
175 1239 269 1272 neaerae
281 1226 346 1272 erat'
379 1229 480 1275 Perdere
490 1229 560 1283 litem,
571 1243 663 1276 aaaron
674 1229 745 1275 etiam
757 1231 820 1288 apud
829 1230 877 1276 cic.
888 1229 917 1274 de
924 1230 989 1274 Orat.
1000 1229 1022 1285 1,
1029 1230 1078 1286 att,

121 1290 169 1400 ldie
184 1299 265 1336 autem
280 1292 303 1337 h.
315 1292 330 1338 l.
342 1306 433 1339 tamma
448 1292 583 1349 vadimonii,
594 1294 657 1353 quad
668 1293 728 1340 tanti
740 1302 800 1353 erat,
815 1294 896 1354 quanti
913 1307 958 1350 rea,
975 1291 1005 1340 de
1022 1296 1070 1355 qud

131 1353 254 1410 'tigabant

140 1463 142 1468 ,
158 1419 263 1468 tta-tl.
281 1417 321 1481 [Si
331 1437 365 1469 rae
376 1418 450 1482 amar]
469 1420 543 1468 Solita
558 1423 653 1482 petendi
669 1423 775 1469 formula.
809 1423 858 1471 (iic.
873 1424 904 1469 ad
921 1422 971 1470 nn.
987 1424 1010 1479 d,
1024 1422 1070 1478 172

123 1484 151 1530 Si
167 1487 286 1548 quiequam
303 1501 337 1533 rae
351 1503 421 1543 arnae,
439 1490 498 1534 bunc
515 1489 585 1534 locant
600 1490 663 1535 muni
671 1505 680 1540 ,·
696 1487 751 1534 huic
763 1487 934 1551 ἀντίστροφον
944 1496 979 1534 eat
989 1491 1071 1535 onrado

124 1548 192 1605 illud,
205 1550 269 1596 verbi
281 1549 449 1610 significatione
460 1566 533 1612 prope
544 1555 624 1600 exutd.
657 1553 698 1600 Me
712 1552 736 1598 b.
748 1553 764 1598 l.
776 1567 822 1598 nan
834 1553 985 1614 colliquescit,
1002 1562 1029 1600 ut
1042 1553 1068 1599 in

124 1613 172 1660 allo
186 1605 347 1674 monosyllaba
365 1618 412 1662 Sat.
429 1617 453 1671 2,
473 1618 496 1672 2,
513 1616 558 1662 28:
576 1633 631 1664 naar
646 1620 712 1665 adeat
727 1619 796 1664 bonor
812 1619 878 1665 idern
889 1641 922 1650 —
933 1614 995 1678 [laia]
1013 1619 1070 1665 ‘ubi

124 1693 189 1726 nano
200 1693 288 1737 eumue,
305 1680 330 1725 in
343 1679 418 1727 Foro)
429 1705 462 1716 —
474 1678 553 1742 [ader]
572 1683 648 1728 Plaut.
668 1681 752 1741 Amph.
766 1683 822 1738 4,3,
834 1683 858 1739 3,
878 1684 964 1740 Quota,
981 1690 1008 1730 at
1024 1685 1070 1730 ad-

124 1750 217 1790 vocatae
225 1747 281 1792 erili
291 1746 360 1792 adele.
371 1769 404 1780 -
416 1743 551 1806 [inteream
568 1744 679 1808 riualea]
697 1747 795 1793 Solitum
808 1747 858 1794 lrac.
891 1748 939 1794 Cic.
956 1750 987 1794 ad
1003 1749 1070 1796 Fam.

126 1808 166 1865 ll,
174 1807 213 1864 23,
226 1825 326 1870 peream,
337 1812 359 1856 er'
370 1808 484 1872 te-serre
491 1817 607 1872 pateant.
618 1837 651 1846 -
662 1808 749 1873 [ctare]
761 1810 855 1872 injure,
871 1814 933 1872 apud
945 1827 1069 1874 recupera·

124 1881 195 1920 toret.
206 1897 239 1910 -
251 1871 305 1936 [aut
315 1871 379 1936 aaat']
392 1877 451 1922 ‘nec
461 1884 584 1937 propterea
595 1876 715 1924 advocatio
725 1891 778 1922 mea
789 1885 812 1923 ta
823 1877 951 1937 quidquam
958 1878 1071 1939 juraret*

123 1961 159 1972 -
171 1934 242 2000 [rem]
255 1942 269 1964 ⁴⁴
279 1955 321 2000 pro
331 1940 380 1988 lite.
414 1941 451 1987 Sic
463 1948 487 1987 et
500 1941 525 1987 in
541 1941 631 2000 legibue
646 1941 758 2001 seriptum
772 1941 872 1988 inveniri
887 1942 953 1999 eolet,
964 1958 1012 1990 rear
1021 1945 1070 1990 tiae

125 2001 213 2050 litem.”
230 2005 313 2065 Parplt.
347 2005 420 2052 Varro
437 2006 463 2052 L.
480 2006 506 2053 L.
522 2005 545 2062 7,
558 2007 598 2063 93,
617 2008 646 2054 Ire
660 2008 787 2054 actionibus
802 2008 903 2054 videmur
916 2009 980 2055 atet:
997 2019 1069 2058 ovate

125 2079 183 2116 itata
196 2079 253 2114 arva
262 2081 376 2116 tarataram
388 2082 484 2116 arcana
495 2083 622 2120 oranter.

157 2134 261 2181 43-43.
280 2132 420 2196 [Maecenat]
439 2136 508 2181 Nune
524 2138 619 2184 demum
636 2135 712 2183 mieaia
728 2137 865 2196 ambagibus
881 2136 910 2181 ad
927 2135 951 2181 id
963 2135 1070 2196 pervenit

123 2197 282 2258 importunue,
294 2200 356 2259 quad
366 2214 409 2246 aua
419 2201 520 2247 maxima
532 2202 652 2260 intererat,
665 2210 698 2259 ut,
712 2201 733 2246 ai
748 2201 798 2247 deri
814 2209 899 2260 poeaet,
909 2200 1070 2246 intercedente

126 2262 226 2309 Horatio
238 2264 375 2310 Maecenatis
388 2265 515 2312 amicarum
528 2267 593 2312 velat
607 2267 695 2313 cohorti
714 2267 797 2311 eadem
811 2265 880 2310 moda
895 2273 1068 2323 aggregaretur,

124 2341 173 2387 quo
182 2328 280 2374 iloratia
290 2329 402 2388 Virgilius
409 2329 472 2376 illiue
480 2330 606 2377 amicitiam
616 2329 757 2377 conciliarat.
764 2353 797 2363 -
804 2326 912 2390 [repetit]
924 2333 1071 2376 ‘sermonem

124 2392 286 2439 intermistum
301 2393 356 2440 hino
369 2409 448 2441 ruraut
463 2389 795 2458 exorditur.'—·-[pauearant]
815 2395 868 2441 Ter.
882 2395 943 2440 Eun.
961 2394 984 2450 3,
998 2394 1018 2450 l,
1031 2394 1069 2450 19,

123 2457 250 2504 lateraria
266 2459 329 2505 dama
347 2465 381 2506 eet
396 2474 560 2520 peramarum
577 2461 695 2507 laminam.
729 2458 831 2505 Gnatho.
864 2459 935 2506 Imma
951 2460 1070 2517 multarum

123 2529 168 2577 eet,
187 2524 295 2570 alterurn
312 2525 373 2570 trivit.
406 2524 546 2575 ‘Quomodo
563 2533 640 2571 tecum
658 2522 716 2570 vivit
731 2523 874 2570 Maeaenaal’
907 2521 1070 2586 (Responaum

124 2601 174 2634 nan
190 2595 317 2647 exspectat,
332 2589 374 2634 aed
389 2589 499 2635 continuo
510 2603 553 2650 pra
563 2603 606 2636 tua
617 2599 686 2650 capta
697 2597 767 2649 atque
778 2588 874 2649 ingenia
885 2587 993 2635 laudibut
1002 2590 1070 2635 illum

124 2652 218 2698 extollit
226 2651 248 2715 ι)
265 2655 364 2712 ‘paucae
375 2653 456 2713 utique
468 2653 529 2700 inter
539 2655 627 2701 amima
637 2654 740 2714 recipere
751 2654 818 2709 eolet,
827 2655 868 2699 aed
876 2655 989 2712 egregiae,
1000 2663 1026 2700 ut
1038 2664 1070 2710 te,

125 2717 262 2777 Virgilium,
274 2717 378 2774 Varium,
394 2729 465 2778 atque
481 2719 524 2765 hae
542 2719 592 2778 ipro
603 2720 694 2765 delectu
707 2720 859 2774 demonstrat,
871 2720 960 2777 quantd
971 2719 1002 2764 ait
1013 2733 1070 2779 pru·

125 2783 208 2828 dentid
223 2782 342 2843 praeditur·
375 2783 478 2829 Omnino
495 2797 564 2830 nerno
579 2784 674 2830 t‘artuna
685 2785 805 2830 dexterius
818 2797 845 2829 aa
859 2783 975 2830 sollertiae
990 2799 1019 2830 eo
1034 2791 1070 2830 eet

125 2861 190 2902 uetta,
202 2848 249 2907 qud
260 2848 284 2892 in
296 2857 346 2894 arte
357 2862 412 2894 eane
423 2861 501 2894 rerum
513 2848 668 2894 humanarum
679 2849 749 2894 cardo
760 2848 863 2894 vertitur.
883 2849 897 2893 J
900 2863 937 2894 am
948 2848 1014 2895 facile
1026 2848 1069 2895 tibi

124 2911 170 2958 erit
181 2912 250 2968 mihi,
263 2912 354 2958 homini
370 2923 465 2959 eentum
479 2913 572 2968 artium,
593 2915 675 2972 qualea
689 2914 729 2959 ille
743 2915 803 2958 nolet
817 2913 927 2972 deligere,
937 2915 1026 2960 aditura
1038 2914 1070 2965 ad

124 2989 180 3024 eum
191 2991 287 3037 parerer
305 2993 332 3024 ac
342 2976 412 3024 socier
424 2979 467 3024 boa
478 2977 574 3024 fortunae
587 2991 635 3024 non
650 2978 701 3024 eine
716 2978 810 3037 proprio
821 2986 862 3023 tuo
873 2980 1010 3032 commodo;
1026 2992 1070 3036 ega

124 3042 189 3087 enim
201 3052 224 3088 te
235 3057 278 3102 pro
286 3042 348 3088 virili
356 3051 422 3103 parte
430 3044 537 3103 Juvarem
549 3043 660 3088 adveraua
669 3043 760 3088 invidae
770 3052 840 3101 atque
849 3042 942 3101 iniquae
951 3052 1011 3097 tuae,
1021 3042 1070 3100 qui,

124 3115 152 3152 ut
170 3105 278 3164 arbitror,
297 3107 415 3154 interdum
432 3108 494 3168 apud
511 3107 578 3153 illum
597 3107 638 3153 tibi
658 3107 778 3161 afliciunt;
795 3107 867 3154 imma
884 3122 928 3168 ape
944 3109 997 3152 med
1012 3119 1072 3164 quoa
1147 3159 1149 3164 Ι

123 3171 189 3218 valea
208 3172 414 3218 submovebia.'—
424 3169 576 3235 [adjutorem]
594 3174 730 3219 vocabulum
745 3171 870 3218 aceniaum.
905 3171 997 3217 Phadr.
1011 3172 1034 3223 b,
1046 3171 1071 3224 b,

126 3234 167 3287 lt,
184 3236 214 3282 In
230 3239 298 3283 eaend
309 3252 361 3284 aera
371 3244 491 3298 postquam
506 3239 566 3284 eolat
583 3239 692 3293 aanetr'te't,
711 3238 766 3284 Sine
779 3244 901 3298 apparata,
916 3237 985 3281 nullia
1001 3232 1072 3295 adja-

123 3302 260 3348 taribue.-
269 3297 350 3362 [serre
360 3300 484 3363 secundae]
500 3305 581 3362 ‘agere
598 3303 713 3350 secundae
723 3312 809 3362 partea,
820 3297 1070 3364 ὃευτεραγωνιστήν,’

122 3367 192 3425 cujua
209 3367 353 3426 precipuum
370 3381 457 3414 munna
473 3376 530 3422 erat,
546 3376 580 3423 ut,
598 3367 795 3427 quemadmodum
807 3368 907 3426 Pyladea
923 3366 1029 3411 Oreatem
1045 3364 1071 3412 iu

124 3430 209 3491 daria.
224 3430 300 3490 lphig.
316 3432 342 3476 in
357 3431 428 3478 Taur.
446 3432 508 3478 etin
526 3433 616 3489 Oreete,
631 3433 716 3488 verbia,
735 3431 879 3485 recitatione,
895 3429 1071 3488 gesticulatione

124 3508 196 3554 quam
206 3495 309 3541 maxime
316 3498 410 3557 iuraret
419 3511 445 3542 ac
452 3497 577 3544 auetineret
587 3493 812 3560 πρωταγωνιστὴν.
819 3519 853 3530 -
861 3492 1071 3555 [Herennium]

124 3557 251 3614 deterentia
261 3575 286 3606 ae
297 3561 374 3619 ipsum
386 3561 538 3608 demonstrat.
556 3562 637 3608 Caram.
648 3563 686 3608 Cr.
703 3562 779 3607 Plaut.
790 3559 882 3606 curcul.
895 3558 918 3614 2,
930 3558 952 3611 1,
962 3559 1003 3613 22,
1012 3559 1073 3606 calare

124 3627 162 3676 hle
173 3627 237 3674 barna
247 3631 289 3681 eet,
301 3627 411 3688 quierint
422 3627 539 3684 divinitae,
558 3626 583 3672 id
598 3634 641 3681 eet,
655 3628 662 3652 ⁴
672 3625 735 3672 ealua
746 3637 790 3682 ega
801 3623 869 3670 aum.’
876 3647 909 3656 -
917 3618 1072 3684 [Saluum]
