2442 4059
119 294 175 331 ult.
187 295 217 331 ιι.
228 281 264 346 2.]
455 279 738 329 tutaurtttttatto.
888 333 890 337 ,
1006 282 1066 345 261

120 429 276 495 παρῳδῆσαι
294 426 335 478 οἶά
352 429 422 479 ἐστιν
439 428 518 478 αὐτοῦ
532 428 573 479 rui
588 430 679 491 ταῦτα,
691 426 724 477 Ὦ
735 426 820 478 πέπον
831 427 952 495 Ἀρχύτα,
968 428 1069 494 dultin.

121 496 203 561 γενός,
220 494 363 559 ὀλβιότυφε,
381 498 433 553 Τῆς
451 494 554 555 ὑπάτης
569 492 648 559 ἔριδος
665 493 773 544 πάντων
788 492 942 559 ἐμπειρότατ’
959 494 1068 561 ἀνδρῶν·

102 562 165 610 'cul
184 560 250 617 όλως
269 560 311 608 rui
328 561 452 623 μουσικὴν
470 559 511 607 aul
531 557 683 623 γεωμετρίαν
695 556 827 613 διέπαιζεν.
860 564 946 608 “Sunt
962 563 1068 624 disputa·

120 627 200 674 tiones
212 627 293 673 Bionis
310 626 450 685 philosophi,
464 625 550 685 quibus
565 626 687 672 stultitiam
699 626 777 683 arguit
787 625 860 684 vulgi,
876 626 912 673 cui
929 642 995 687 pane
1012 642 1068 674 con·

120 693 230 739 sentiunt
247 692 351 737 carmini
370 691 497 736 Luciliano.
532 690 577 736 Hic
596 698 676 736 autem
693 691 761 743 Bion,
781 690 822 749 qui
839 690 961 751 Sophiste·
981 706 1069 752 cogno.

120 757 227 803 minatus
240 764 281 812 est,
297 756 321 801 in
339 755 406 810 libro,
420 770 490 815 quem
501 754 582 810 edidit,
599 754 778 801 mordacissimis
790 755 877 802 salibus
887 771 923 812 ea,
940 772 993 816 quae
1004 760 1067 817 apud

119 830 204 883 poetas
215 829 278 875 sunt,
291 819 324 866 ita
335 821 452 875 laceravit,
462 828 488 865 ut
500 834 530 866 ue
542 820 646 865 Homero
657 819 751 879 quidam
764 821 893 879 parceret.”
915 824 970 868 Aer.
1072 866 1076 875 ‚

155 883 260 939 tta-71.
280 882 382 946 [Praeter
398 880 485 945 cataro]
508 887 572 944 ‘pru
591 884 683 943 ceteris,
700 893 754 929 ante
772 884 867 940 omnia,'
886 894 913 931 ut
926 900 988 946 sape
1004 887 1067 946 apud

121 950 173 997 cte.
185 973 219 983 —-
230 946 358 1010 [sponsum]
377 950 423 994 Sat.
436 950 459 1005 2,
470 949 492 1003 6,
504 948 542 1005 23,
560 950 646 1007 Roma,
661 964 787 1009 sponsorem
797 964 832 994 rae
842 953 912 1009 rupis.
923 974 957 983 ——
965 948 1066 1013 [officiis]

120 1028 171 1061 non
182 1014 318 1072 moralibus,
335 1023 362 1059 ut
380 1013 514 1067 iudicum
531 1014 572 1059 ned
586 1013 702 1067 civilibus,
717 1028 773 1072 erga
789 1013 876 1059 amicos
890 1017 1068 1075 prasertim.-

122 1076 220 1141 [oubui]
247 1080 322 1137 ‘ager
338 1077 417 1138 jacet!
446 1079 519 1125 Sobol.
534 1102 567 1111 —
580 1074 703 1139 [extremo]
729 1078 774 1123 ‘in
793 1081 899 1125 extrema
917 1089 983 1139 parte
1002 1080 1067 1127 collis

121 1144 245 1198 Aventini,
265 1142 305 1203 qui
324 1142 441 1193 Quirinali
458 1158 472 1190 e
491 1142 585 1201 regione
602 1143 722 1202 oppositus
732 1142 834 1187 multum
850 1146 880 1189 ab
898 1158 925 1188 ro
942 1145 1067 1191 distat!—

122 1205 246 1271 [humone]
266 1222 359 1267 prorsus
371 1216 396 1253 ut
408 1204 519 1261 ἐπιεικῶς
529 1214 553 1253 et
563 1221 610 1267 μιτ
626 1206 675 1262 ἕως,
692 1222 734 1268 pro
753 1207 831 1258 ‘satia
843 1208 968 1253 admodum
980 1210 1067 1267 plane!

121 1272 330 1327 protrabatur,
349 1272 377 1317 Α.
395 1270 467 1319 τοῦτο
483 1274 588 1333 μετρίως
603 1222 741 1335 όφὲστητεν
759 1267 805 1317 ἀπ’
822 1268 929 1318 ἐκείνων.
962 1274 1000 1319 Sic
1016 1288 1065 1330 nos,

117 1345 209 1399 pretty,
223 1338 278 1396 stne,
298 1339 422 1397 clorming,
445 1338 528 1383 eddam
552 1333 670 1399 εἰρωνείᾳ.
689 1360 722 1371 --
740 1331 850 1396 [Verum]
879 1338 935 1382 llaec
953 1336 997 1382 sibi
1016 1338 1066 1397 lpse

122 1398 180 1449 κατ’
190 1397 317 1465 εἰρωνείαν
327 1402 415 1460 objicit,
429 1401 544 1447 utstatim
562 1402 654 1447 refutet.
663 1425 696 1434 -
708 1398 803 1462 [Pura]
821 1404 827 1425 ⁶
837 1414 915 1446 vacua·
926 1403 1066 1457 obstaculis,'

121 1480 173 1513 uon
191 1466 287 1512 ‘coenu'
299 1490 331 1499 -
344 1462 457 1527 [calidus]
475 1464 568 1511 ‘studio
587 1465 718 1511 edificandi
735 1465 844 1510 incensus
865 1473 889 1511 et
905 1466 973 1512 valde
996 1481 1066 1513 occu-

122 1540 202 1591 patus,
219 1530 290 1577 itaut
306 1530 476 1576 occurrentium
492 1531 580 1576 nullam
599 1544 679 1576 curam
695 1530 817 1589 gerat’—
829 1526 908 1590 [naulis
922 1529 1065 1593 gerulisque]

121 1597 196 1706 ablatsi
212 1597 282 1707 ‘1ch
293 1595 364 1641 mulla
375 1602 398 1641 et
409 1594 542 1655 baiulis.’-
551 1592 703 1656 [redemptor]
720 1590 867 1657 ἐργολάβος,
881 1597 918 1641 tlte
929 1602 1064 1643 contractor.

121 1661 168 1709 Od-
198 1693 204 1715 ι
233 1692 239 1715 ι
281 1693 287 1705 ·

156 1723 260 1779 72—76.
285 1719 411 1785 [Torquet]
433 1724 590 1783 ‘Torquendo
607 1738 651 1784 per
668 1724 783 1769 trochleas
794 1722 878 1768 attollit
888 1724 999 1783 lapidem,
1017 1725 1066 1785 qui,

122 1789 169 1836 nisi
182 1804 296 1844 cavemus,
315 1788 381 1834 facile
393 1802 435 1835 nos
446 1788 556 1835 collidat’
566 1813 599 1822 —
609 1783 723 1849 [supero]
752 1787 800 1834 ctr.
811 1789 858 1833 Sat.
871 1788 893 1843 l,
903 1789 928 1847 6,
938 1789 976 1835 43.
1011 1791 1066 1836 ‘lix

122 1856 174 1900 uni
184 1854 267 1912 platea·
278 1861 343 1913 parte
355 1853 453 1899 veniunt
464 1852 552 1907 lunera,
569 1867 599 1898 ex
615 1854 689 1898 alteri
699 1852 803 1911 ingentia
814 1852 952 1899 rusticorum
964 1855 1068 1913 plaustra

122 1927 148 1965 et
158 1918 260 1965 vicissim
276 1932 325 1963 sese
336 1916 468 1977 impediunt
478 1926 547 1977 atque
561 1918 660 1976 urgent!
675 1942 708 1951 -
721 1914 755 1978 [s
785 1914 813 1978 i]
833 1918 968 1963 ‘celerrime
978 1920 1067 1975 currit‚'

122 1991 151 2030 ut
169 1989 204 2028 est
221 1992 304 2027 natura
322 1982 392 2042 hujus
410 1982 484 2028 morbi
503 1979 693 2043 pestiferi—[I
700 1932 824 2043 ιιιιιιόΐίἰ
843 1983 926 2042 potes!
943 1983 993 2029 cfr.
1005 1984 1065 2043 Ερρ.

124 2048 147 2102 l,
160 2046 185 2103 6,
198 2046 234 2101 17.
246 2072 277 2081 -
289 2042 405 2107 [canoros]
423 2048 496 2092 'bene
507 2046 654 2093 modularoe'
662 2070 696 2080 -
704 2042 785 2108 [sugit
794 2044 884 2106 urben]
896 2050 902 2073 ¹
912 2048 971 2093 vitat
985 2049 1065 2094 multi·

123 2111 246 2159 tudinem’
261 2126 333 2171 quum
345 2108 412 2172 firgit
423 2112 489 2157 urbas
498 2111 575 2171 potius
587 2110 710 2171 significet,
727 2114 789 2157 ‘non
801 2112 890 2157 accedit
900 2113 930 2157 ad
942 2110 1066 2158 urbes?—

123 2174 205 2239 [utre]
223 2176 327 2230 ‘moritu
340 2176 536 2235 quemadmodum
548 2177 625 2231 debet,
634 2175 721 2230 cliena,'
734 2177 776 2221 dre.

155 2241 197 2297 79,
209 2241 247 2287 8⁰.
266 2236 407 2301 [contracto]
428 2241 533 2301 Propert.
544 2240 567 2295 3,
585 2240 606 2295 l,
626 2240 665 2295 lo,
682 2240 736 2286 Non
748 2241 818 2285 datur
833 2239 865 2285 ad
874 2239 955 2285 Muros
974 2254 1066 2288 carrara

121 2307 174 2353 luta
194 2308 240 2360 oid,
264 2306 348 2358 ‘arcti,
366 2305 470 2350 noudum
492 2304 636 2350 imitatorum
658 2305 726 2349 tutbi
745 2304 843 2364 protriti
865 2318 891 2349 ac
910 2304 1067 2350 dilatara’-

123 2367 273 2432 [Ingenium]
294 2370 381 2426 ‘Quid
393 2370 454 2428 quod
467 2384 528 2429 aoepe
539 2369 646 2415 ridemus
657 2383 696 2415 eos
708 2369 778 2428 ipsos,
792 2368 833 2426 qui
844 2368 992 2428 perlongum
1005 2378 1065 2415 tem·
1129 2362 1131 2366 ’

120 2450 169 2496 pus
185 2435 210 2481 in
228 2436 278 2481 loco
296 2435 325 2480 ab
344 2436 408 2479 omni
423 2430 520 2494 sirepitu
538 2447 610 2481 vacuo
628 2441 652 2480 et
670 2432 824 2493 quietissimo,
843 2441 870 2477 ut
885 2439 940 2477 suut
958 2433 1065 2490 Athenae,

121 2513 241 2547 summum
261 2513 304 2558 per
323 2499 395 2545 otium
414 2498 504 2554 litteris,
525 2498 590 2558 poesi
609 2497 740 2558 inprimis,
763 2510 843 2543 vacare
861 2504 996 2558 potucmnt,
1017 2513 1065 2545 non

89 2619 92 2624 Ι
121 2579 152 2611 eo
163 2564 292 2625 pervenire,
310 2570 336 2608 ut
349 2564 374 2609 in
386 2565 467 2609 urbem
480 2563 564 2609 reversi
576 2578 630 2608 curn
640 2576 747 2608 successu
758 2570 782 2607 et
793 2561 939 2621 popularium
951 2563 1066 2622 applausu

120 2629 204 2690 poesin
216 2629 300 2684 colant,
316 2629 357 2673 sed
375 2642 436 2687 sape
451 2627 544 2673 sibimet
560 2627 616 2686 ipsis
632 2627 781 2687 displicentes
795 2640 823 2672 ac
837 2626 930 2671 timidos
946 2626 1066 2689 silentium

120 2708 223 2749 servare,
241 2695 300 2739 adeo
318 2701 345 2738 ut
359 2692 487 2751 simplicem
499 2706 580 2737 eorum
592 2692 741 2737 timiditatem
757 2691 840 2749 vulgus
851 2690 960 2747 irrideat3
978 2701 1066 2751 quanto

120 2758 203 2804 minus
218 2772 262 2815 ego
279 2757 303 2801 in
321 2757 357 2803 his
368 2757 487 2817 perpetuis
504 2756 617 2802 molestiis
632 2756 752 2816 turbisque
766 2764 847 2815 potero
863 2768 1003 2814 componere
1014 2772 1066 2803 car-

119 2822 189 2870 mina
204 2822 262 2868 milri
274 2819 319 2880 ipsi
330 2822 385 2867 satir
398 2820 570 2867 iacientisl'-
579 2816 687 2881 [aarum]
706 2820 816 2876 ‘otiosam
836 2820 942 2879 quietus:
961 2829 988 2867 ut
1003 2821 1065 2883 Epp.

125 2887 148 2943 l,
159 2885 183 2943 7,
195 2887 234 2944 44,
251 2901 345 2933 uacuum
359 2886 437 2933 Τι’όιιτ.

155 2951 258 2998 til—uo.
277 2947 401 3011 [insenuit]
418 2952 464 2995 ‘cx
478 2948 590 2995 librorum
607 2948 701 2995 assidui
717 2949 816 2994 lectione
832 2947 924 2994 senium
934 2950 1065 2997 contraxit)

120 3014 254 3077 -[rtotuti
273 3012 422 3075 taciturnius]
442 3013 538 3060 Luciau.
550 3013 641 3072 Imagg.
657 3013 680 3069 l,
695 3010 785 3073 rixanti
806 3026 833 3059 σε
849 3012 891 3059 rui
910 3014 963 3059 τῶν
980 3010 1065 3077 όνδρι·

121 3076 210 3128 άντων
221 3076 398 3140 ἀκινητότερον
409 3076 543 3141 ἀποφανεῖ.
551 3102 584 3113 -
595 3074 860 3139 [Verbo—connectere]
873 3078 988 3123 ‘carmina
1000 3093 1065 3125 com·

121 3159 212 3207 ponere
232 3154 280 3191 tam
299 3144 432 3200 laudabilia,
456 3152 483 3189 ut
499 3143 570 3202 digna
587 3144 636 3188 sint
659 3157 712 3201 quae
730 3143 760 3188 ad
778 3144 853 3203 lyram
871 3151 991 3198 canantur,
1008 3144 1065 3190 dum

123 3224 195 3257 nemo
205 3208 331 3255 mediocria
342 3216 366 3254 et
375 3210 437 3255 mala
448 3206 598 3254 modulatur!

155 3274 259 3321 66-69.
278 3270 379 3334 [Romae]
399 3271 470 3319 ‘Duo
486 3280 553 3319 erant
571 3272 654 3319 Romae
673 3270 839 3331 bauer‚1uris
856 3270 975 3317 consultor
994 3286 1064 3330 unus,

122 3339 183 3386 alter
193 3348 278 3393 orator,
294 3346 318 3384 et
334 3338 430 3397 quidem
445 3346 543 3397 uterque
557 3336 590 3383 ita
607 3336 733 3395 animatus,
749 3344 774 3381 ut
785 3342 880 3395 propter
890 3341 996 3380 mutuam
1005 3338 1065 3383 cari·

121 3412 195 3449 tatem
218 3404 277 3449 alter
294 3403 394 3448 alterurn
411 3403 522 3448 continuo
540 3402 697 3455 collaudarem
721 3400 808 3446 idcirco
830 3406 945 3445 oratorem
966 3400 1065 3449 alterum

122 3468 151 3515 C.
162 3468 295 3513 Gracchum
306 3467 437 3527 appellabat
450 3466 617 3527 jurisperitus,
635 3466 698 3511 bunc
712 3473 789 3510 orator
802 3463 901 3509 alterum
914 3464 944 3513 Q.
957 3462 1065 3512 Mucium

123 3533 259 3588 Scaevolam,
276 3540 341 3592 pont.
359 3543 423 3577 max.
457 3531 542 3577 Nonne
559 3532 641 3601 codem
657 3543 731 3590 prope
746 3528 824 3574 lurore
839 3542 865 3574 aa
881 3528 981 3574 invicem
995 3529 1066 3577 nimis

122 3597 235 3644 laudandi
250 3595 352 3658 percurri
369 3604 424 3642 sunt
438 3595 508 3643 stiam
523 3594 596 3643 nostri
606 3594 750 3656 poeraet’-
759 3589 844 3653 [πονοι
852 3589 957 3655 morra]
972 3597 1066 3658 ιιοιΙιόιιρ
