2442 4059
112 286 287 351 tartacitae]
449 287 731 337 iuuuuruuruuto.
993 288 1057 354 273

114 441 138 499 l,
159 440 197 495 18,
219 435 357 501 Φερενίκου,
377 438 487 485 Hieronis
509 438 572 498 equi,
591 436 851 502 meminit-[libera]
875 440 904 487 de
926 435 1057 504 παρῤησὶρ

111 506 307 566 compotantium,
327 513 353 550 ut
368 504 414 551 Sat.
430 503 450 560 1,
465 504 488 559 t,
504 504 543 560 89,
561 505 659 551 Condita
672 521 740 567 quarn
753 521 822 553 uerae
836 508 912 567 aperit
927 508 1056 566 precordia

110 572 186 619 Liber
191 587 200 623 ,·
218 584 264 615 non
283 569 361 628 ‘larga
372 566 442 615 νίηα.ν
728 617 731 625 Α

143 634 249 683 86-92.
277 630 525 695 [Descriptus-uices]
554 634 648 683 ‘Quum
671 633 809 690 hectaria,
829 634 1053 694 quse-enumerarit,

110 700 190 759 poesis
200 714 268 759 opera
287 714 305 745 s.
320 712 407 756 genera
422 698 490 743 certis
501 698 591 756 legibus
601 700 673 745 remei
684 702 806 760 demripta,
823 700 900 756 idest,
917 700 1053 758 singulatim

110 764 239 811 constituta
249 774 274 809 et
283 763 357 809 divisa
372 759 418 809 sin't
428 777 442 808 a
452 763 541 809 Graecia
552 763 704 823 potissimum,
715 763 752 811 his
763 765 860 823 legibus,
872 778 971 824 quarum
982 767 1053 812 causi

110 840 136 875 et
146 828 207 875 ratio
219 828 279 875 inest
291 828 315 873 in
328 827 379 888 ipsi
396 828 479 873 mentia
494 828 604 873 humanae
619 831 710 883 nutari,
726 829 832 887 religiose
843 830 1052 889 obtemperandum

111 902 163 948 eat3
180 894 268 953 quique
286 907 325 939 ear
340 894 402 951 leges
413 893 449 938 vel
460 907 507 938 non
523 893 587 939 novit
603 894 639 937 rel
655 894 752 940 licenter
762 894 853 953 migrat,
872 906 945 954 poetae
957 896 1052 942 nomine

111 958 225 1017 indignus
236 966 278 1005 est.
313 957 433 1017 inprimis
447 966 525 1003 autem
540 958 636 1004 vitanda
650 966 686 1004 eet
700 973 771 1019 prava
781 974 893 1015 generum
909 959 1013 1005 conlusio
1025 975 1051 1006 ac

111 1022 255 1083 permixtio,'
274 1024 339 1082 cujus
355 1023 489 1082 exemplum
507 1022 585 1068 atatim
602 1024 722 1082 subjungit
740 1038 760 1069 v.
778 1019 974 1086 lib-[colores]
1001 1025 1052 1071 Hoc

111 1102 162 1134 roc.
183 1087 344 1146 complectitur
360 1096 383 1132 et
400 1086 491 1132 dicendi
508 1102 582 1146 genus
600 1085 690 1145 (stilum
707 1103 777 1147 quem
791 1089 896 1139 dicimus.
917 1090 993 1135 Greci
1004 1088 1051 1136 τὸν

111 1151 263 1214 χαρακτῆρα
273 1148 416 1213 τοῦλόγου,
433 1147 520 1213 ἁδρόν,
533 1147 633 1212 ἰσχνόν,
641 1148 727 1213 μέσον,
744 1153 804 1200 Geli.
821 1152 843 1206 7,
859 1150 908 1211 lt.)
927 1163 951 1199 et
962 1155 1051 1200 versifi-

111 1218 228 1263 cationem
239 1217 323 1275 cuique
336 1217 417 1275 generi
432 1225 519 1276 aptam.
529 1215 680 1279 -[prioatir
694 1215 843 1280 carminibus]
860 1222 980 1264 ‘sermone
997 1233 1049 1265 rer-

112 1280 224 1340 tibusque
236 1282 289 1327 vita
300 1280 449 1340 quotidiana,
463 1281 554 1339 qualern
566 1282 672 1327 imitatur
682 1282 803 1339 comoedia,
814 1283 882 1343 aptis,
893 1298 939 1328 non
951 1284 1050 1329 heroum

111 1346 252 1405 tragicorum
269 1346 398 1392 actionibus
420 1360 447 1391 ac
465 1346 611 1391 facinoribus.
645 1347 715 1397 Quod
736 1346 756 1392 si
776 1357 823 1393 tarn
843 1347 949 1407 imperite
966 1348 1050 1407 aliquis

111 1425 200 1471 genera
221 1410 356 1466 confundat,
374 1412 508 1472 indignatur
527 1406 619 1464 lectur?
647 1426 689 1471 pro
707 1426 761 1470 quo,
772 1418 810 1457 'ut
826 1412 895 1457 simui
914 1414 1049 1472 exemplum

110 1476 201 1532 afferat,
221 1490 310 1522 cranam
329 1474 447 1534 Thyesta,
469 1475 553 1521 summi
573 1476 675 1521 horroris
691 1476 770 1535 tragici
788 1485 959 1534 argumentum,
977 1478 1050 1537 ponit.

112 1539 150 1586 Ea
161 1554 216 1585 vero
230 1546 341 1587 narratur
356 1543 385 1586 ab
396 1536 530 1602 ἐξαγγέλῳ,
545 1554 618 1599 quum
629 1539 653 1585 in
665 1554 757 1586 menam
771 1542 867 1600 produci
878 1556 924 1587 non
938 1542 1050 1602 possit.-

113 1599 236 1665 [Sisgala]
255 1606 345 1651 Rursus
356 1605 455 1650 inculcat
472 1613 622 1665 preceptum,
640 1605 702 1664 quod
712 1606 774 1652 inest
789 1607 812 1652 in
825 1621 846 1652 v.
858 1606 895 1654 uu
930 1608 1049 1664 ‘Locum’

110 1668 198 1729 inquit,
214 1674 298 1729 ‘quern
310 1669 500 1728 singulaaortita,
514 1671 557 1715 sui
566 1670 650 1715 naturd
660 1678 729 1716 nacta
739 1679 794 1717 aunt
804 1672 840 1717 vel
851 1672 876 1717 in
888 1672 1001 1731 tragoedii
1012 1672 1049 1719 vei

110 1732 136 1780 iu
149 1735 271 1789 comoedit,
284 1743 377 1780 teneant
389 1736 499 1789 decenter,
510 1731 574 1781 card
585 1733 615 1781 rb
626 1730 740 1797 πρέπον)

143 1798 184 1854 93,
199 1799 237 1846 94.
259 1796 392 1860 [interdum
408 1795 495 1860 tamea]
522 1799 605 1854 ‘Noli,'
624 1800 707 1859 pergit,
723 1799 878 1846 ‘confundere
900 1800 1049 1866 χαρακτῆρα

109 1864 232 1922 tragoedire
242 1874 267 1909 et
277 1864 408 1916 comoedia;
425 1878 566 1923 quamquam
578 1866 649 1923 probe
664 1864 725 1920 novi,
736 1865 795 1910 iram
805 1865 908 1925 aliosque
923 1868 1048 1915 veliemen-

110 1927 182 1974 tiores
193 1928 290 1979 affectus
301 1943 450 1989 personarum
461 1929 600 1975 comicorum
611 1929 696 1989 partim
712 1929 854 1986 sublimiore,
865 1931 949 1991 partim
961 1932 1049 1979 acriore

109 1992 309 2052 generedicendi
330 1994 493 2053 exprimendos
515 2008 572 2049 esse,
594 2008 665 2053 quam
682 1994 721 2040 ubi
744 1996 883 2054 tranquillus
904 2005 940 2041 est
956 1996 1048 2043 animus

110 2072 201 2114 eorum,
219 2059 259 2118 qui
275 2056 299 2105 in
317 2072 385 2104 scena
396 2058 543 2117 comparent·
552 2082 585 2091 -
594 2055 686 2120 [uocem
695 2056 768 2120 tollit]
787 2061 824 2106 Sic
835 2068 901 2120 puter
910 2061 1048 2108 Caecilianus

110 2122 176 2181 apud
188 2123 236 2169 Cic.
247 2138 289 2183 pro
301 2123 356 2169 cet.
368 2122 405 2178 16,
420 2123 488 2169 Nunc
498 2126 556 2169 euim
565 2124 653 2170 &muru
662 2126 717 2171 milti
727 2128 816 2171 unimur
823 2126 897 2181 ardet,
907 2140 966 2172 nuuc
976 2142 1048 2173 susam

109 2202 150 2234 cor
161 2190 288 2235 cumulatur
298 2190 380 2234 ird.—
391 2180 519 2249 [Chremes]
537 2188 575 2234 ille
588 2189 743 2235 Terentianus
759 2190 843 2236 Heaut.
859 2190 882 2245 b,
893 2191 917 2248 i,
933 2191 972 2236 ubi
989 2191 1057 2237 irae·-
1152 2222 1155 2228 ‚

110 2252 172 2297 citur
182 2253 231 2299 filio
242 2252 370 2313 Clitiphoni
387 2262 480 2313 propter
493 2253 620 2300 meretricis
635 2268 738 2301 amorem
755 2254 825 2300 ulmis
838 2254 935 2314 prodigo
946 2269 1047 2315 eumque

110 2316 197 2363 acriter
207 2317 311 2376 castigat.

146 2382 186 2436 95,
198 2382 237 2430 96.
255 2380 413 2444 [plenumque]
439 2381 586 2442 ‘ubicunque
598 2382 712 2443 ejusmodi
722 2392 807 2442 partes,
819 2383 899 2441 quales
910 2392 964 2430 sunt
979 2382 1049 2430 Tele·

111 2447 163 2509 phi,
183 2448 234 2501 duc,
256 2447 414 2493 inducuntur.’
428 2470 461 2480 -
478 2442 607 2509 [pedestri]
630 2446 667 2508 τῷ
683 2445 752 2509 πεζῷ
769 2445 847 2509 λόγῳ,
862 2448 961 2507 simplici
978 2457 1049 2509 atqua

110 2512 210 2559 minime
220 2509 250 2559 ri
261 2506 325 2572 ὕψος
339 2512 468 2558 affectante.
496 2512 598 2558 Demetr.
611 2512 676 2558 Phal.
687 2512 726 2568 28,
745 2509 859 2559 Ἃπλοῦν
870 2512 911 2559 rai
922 2509 1051 2571 ἀποίητον

109 2573 234 2639 βούλεται
245 2574 309 2623 εἶναι
326 2575 354 2623 τὸ
370 2571 458 2632 πάθος.
492 2575 598 2638 Telephi,
617 2577 725 2623 Herculis
742 2576 785 2623 iiiii
796 2591 826 2622 eu
842 2579 909 2636 Auge
925 2578 977 2624 Alei
990 2578 1048 2631 lilia,

112 2642 198 2702 Mysia
218 2641 287 2700 regia,
314 2640 403 2687 fabulas
425 2642 475 2699 lege
497 2645 559 2701 apud
584 2642 652 2687 Diod.
669 2641 693 2696 4,
710 2641 750 2688 ut.
778 2642 865 2701 Hygin.
887 2643 1049 2691 llll—llll.—

112 2702 222 2768 [Paleua]
240 2709 255 2732 ⁸·
266 2706 357 2764 Peleus,
368 2714 434 2766 pater
444 2705 550 2762 Achillia,
568 2705 617 2766 ipse
634 2706 696 2752 iilius
707 2704 781 2760 AEaci,
798 2708 856 2753 duos
867 2707 948 2753 babuit
959 2708 1050 2763 iratres,

10 2766 11 2781 ¹
112 2772 264 2819 Telamonem
283 2785 313 2816 ex
328 2772 411 2817 eodem
426 2779 490 2830 patre
506 2780 530 2817 et
545 2781 627 2825 matre,
642 2772 745 2817 Phocum
761 2785 791 2817 ex
808 2781 873 2831 patre
890 2780 989 2829 tantum,
1008 2774 1051 2820 sed

111 2843 193 2883 netum
211 2836 255 2882 dei
272 2836 370 2889 marini,
388 2836 491 2882 Salmace
507 2836 609 2891 nomine,
626 2850 697 2895 quem
712 2836 763 2896 ipae
778 2836 901 2893 interiecit,
917 2838 972 2883 inde
984 2838 1050 2885 iuriis

110 2900 243 2961 exagitatus
258 2909 280 2945 et
292 2901 374 2946 exsilio
384 2901 507 2946 damnatus
518 2907 559 2945 est.
594 2901 699 2946 Tandem
715 2910 821 2960 receptus
833 2902 932 2961 hospitio
948 2918 963 2948 a
973 2904 1050 2962 Ceyce

110 2965 161 3013 fillo
173 2966 232 3013 Solia
243 2980 258 3011 a
268 2965 332 3011 ccede
345 2964 475 3025 expiatur.”
497 2966 576 3011 Aaron
586 2961 835 3026 Nasus-[pauper]
853 2967 918 3013 Solae
929 2968 1049 3013 deridetur

112 3029 240 3090 Euripides
261 3030 383 3090 aliquoties
404 3027 433 3075 ab
456 3029 621 3089 Aristophane,
642 3029 704 3089 quod
727 3030 856 3090 Telephum
878 3046 1007 3091 pannosum
1025 3040 1051 3078 et

111 3094 246 3141 mendicum
264 3094 396 3149 induxerat,
415 3108 461 3153 quo
477 3102 633 3153 spectatorum
649 3094 829 3141 misericordiam
847 3096 922 3142 acrius
934 3100 1048 3143 moveret.

112 3160 224 3206 Prodihat
240 3159 302 3205 enim
322 3154 408 3220 IIru'rx'
425 3154 573 3222 α’μρίβλητα
595 3156 711 3221 σώματος
726 3154 816 3218 λαβὸν
835 3155 899 3221 ῥάκη
915 3157 1051 3223 'Aperippra

111 3221 202 3285 τύχης·
219 3231 243 3269 et
260 3224 323 3283 apud
340 3224 445 3269 Ennium
463 3224 530 3270 Both.
547 3224 572 3270 P.
585 3224 621 3269 Sc.
638 3238 661 3284 p.
673 3224 719 3270 ut:
737 3225 838 3286 &guum
855 3228 943 3287 reliqui,
962 3225 1048 3285 inquit,

110 3296 196 3350 raptus
209 3290 305 3335 mendici
322 3289 388 3335 atala.
420 3290 483 3335 Exul
499 3298 576 3334 autem
588 3288 706 3349 Telephus
722 3289 769 3335 dici
786 3299 876 3349 poterat
891 3300 914 3335 et
931 3304 1003 3349 quum
1020 3305 1050 3337 ex

111 3353 215 3401 Arcadii
232 3352 319 3399 oraculi
334 3354 401 3412 jussu
419 3362 517 3399 matrem
539 3353 663 3412 quaesitum
679 3353 703 3397 in
723 3354 823 3414 Mysiam
839 3355 869 3399 ad
882 3354 1051 3403 Teuthrantem
1145 3390 1147 3395 .

111 3432 191 3478 regem
209 3426 244 3464 eat
262 3417 385 3478 proiectus,
402 3425 426 3463 et
441 3432 513 3477 quum
529 3419 664 3464 vulneratus
680 3419 709 3464 ab
725 3418 818 3465 Achille
829 3418 898 3477 Argis
914 3420 1049 3467 Graecorum

111 3480 253 3544 principium
265 3482 396 3534 concilium.
410 3490 436 3528 ut
447 3483 476 3528 ab
487 3483 568 3529 eodem
579 3493 707 3538 sanantur,
719 3492 825 3543 precatur
836 3492 877 3529 est.

145 3546 183 3603 97.
209 3544 332 3608 [Prujs'cr't]
357 3546 467 3606 ‘respuit
487 3548 571 3593 talibus
589 3561 636 3593 non
655 3547 785 3593 autun'-
798 3544 934 3609 [ampullas]
958 3548 1050 3597 Primus

115 3611 226 3659 Horatius
243 3626 278 3657 rr.
295 3610 384 3658 Latinis
394 3612 494 3672 ampulla
504 3620 528 3657 et
538 3614 661 3671 ampullari
671 3608 747 3673 (lipp.
759 3613 780 3667 l,
789 3611 813 3667 9,
826 3609 868 3674 lt)
885 3615 966 3659 eodem
979 3628 1050 3661 seusu

114 3692 170 3725 usur
186 3690 237 3724 sue
254 3677 352 3735 uidetur,
374 3690 421 3736 quo
437 3676 513 3725 Gracci
530 3672 640 3787 λὴαέθές
654 3686 679 3724 et
694 3675 837 3733 ltnruilidur
847 3680 990 3739 usurpabant
1006 3679 1051 3726 ‘de
