2442 4059
159 245 221 309 162
426 311 429 316 .
486 243 769 294 tnraaenucucro.
1028 246 1104 308 [ur.

157 396 261 452 inimico,
272 402 368 457 propter
378 395 403 442 id
414 396 499 457 ipsum,
517 399 581 458 quod
595 413 666 445 nausa
676 399 701 445 in
715 412 745 445 eo
754 397 877 444 herebant
891 411 969 458 neque
984 398 1010 446 iu
1025 401 1103 447 altum

156 461 255 524 provehi
265 469 380 520 poterant.

191 527 248 584 208,
261 527 316 573 289.
337 520 434 587 [species
444 527 504 574 alias
513 524 585 588 ueris]
604 529 711 588 ‘speclea
727 524 877 590 φαντασίας,
887 527 1010 586 opiniones
1022 529 1103 576 auimo

157 591 956 718 {tlttttttltttlttattttnsstrttlt‘ttt,
969 595 1104 705 ‘t‘tilt‘

338 686 344 711 t
958 692 964 702 ·
993 691 999 712 s
1044 691 1052 714 s
1096 691 1103 713 s

157 723 229 768 alium
247 723 348 783 rapiente
366 722 469 782 bonoque.
493 721 553 782 lipp.
570 721 593 775 2,
611 721 633 778 l,
648 723 705 779 240,
723 723 784 768 alias
801 718 1102 785 Lysippo—[comtes]

158 785 229 832 ‘cerri
234 796 278 839 tus,
288 793 367 831 mente
378 787 475 846 captus,'
486 787 609 847 deraaged.

191 849 325 897 212-222
344 846 448 913 [titulos]
465 852 520 898 ‘tibi
532 851 647 912 potendos
654 850 736 911 plenos
745 851 843 896 laudum
851 858 953 904 tuarum,
962 852 1004 911 qui
1014 865 1104 898 nomen

158 920 227 960 tuum
241 916 304 974 apud
320 924 424 976 posteros
442 916 572 970 eternent,'
583 917 598 962 i.
610 931 640 971 e,
651 916 695 961 ‘ob
705 929 790 962 vanam
800 916 881 975 glorie
891 916 1063 976 cupiditatem)
1070 940 1105 950 —

160 980 227 1038 [Stat
248 977 334 1041 animo]
358 991 434 1033 rector
455 981 512 1026 ‘tibi
531 981 581 1040 ipse
602 988 694 1027 constas
715 993 819 1040 sanaque
837 994 862 1025 es
880 989 959 1027 mente
967 977 1102 1043 l’-[cor]

158 1044 322 1091 understaadin
340 1077 346 1099 ‚
358 1053 391 1096 ut.
403 1046 503 1106 Egregie
513 1047 620 1092 cordatus
630 1047 692 1093 lonso
704 1045 775 1092 Οαίασ
786 1045 859 1092 AEliu'
867 1046 954 1092 Sextus.
961 1042 1104 1106 -[1lufass

158 1115 200 1155 aut
210 1061 339 1171 Pusillumff
354 1111 411 1156 Haec
422 1111 518 1156 nomios
531 1111 596 1156 haud
610 1123 664 1155 raro
678 1110 704 1155 iu
716 1110 834 1169 Inscriptt.
844 1112 1003 1169 reperiuntur,
1011 1134 1046 1144 -
1054 1109 1104 1171 [ia-

158 1170 267 1235 terdt'ctc]
288 1175 343 1235 Uip.
356 1175 393 1221 Fr.
407 1174 445 1229 12,
457 1175 480 1230 2,
491 1175 540 1222 Lea
551 1186 598 1220 ιιι.
608 1172 857 1234 tubulumnssciosssu
868 1178 963 1235 itemque
972 1177 1104 1237 prodigam,

158 1240 198 1285 cai
209 1240 272 1285 bonis
283 1241 469 1286 interdictam
479 1247 522 1299 est,
537 1243 561 1286 in
572 1242 688 1286 curatione
701 1236 811 1299 (proquo
822 1253 871 1285 voc„
882 1241 976 1299 proprio
991 1240 1104 1287 Horatius

159 1317 181 1349 v.
204 1306 276 1351 tutela
298 1302 397 1366 utiturt)
414 1303 485 1366 jabet
506 1320 554 1351 csse
575 1301 862 1366 agmtm-[citrea]
882 1304 955 1350 ‘laiso
976 1305 1104 1365 splendore

158 1368 253 1414 nitens!

192 1433 247 1488 223,
259 1432 313 1480 tet
334 1430 418 1494 [Hanc
427 1431 597 1494 circumtonuit]
616 1434 687 1483 Quod
696 1433 818 1488 attonitus,
835 1428 1016 1495 ἐμβρόντητοι,
1033 1434 1105 1480 adeo

159 1497 238 1557 aliquo
249 1498 320 1543 homo
335 1506 406 1558 esset,
420 1498 529 1544 insanum
542 1498 630 1544 sactum
645 1498 765 1544 interdum
780 1498 915 1554 credebant,
931 1506 958 1543 ut
968 1500 1079 1546 cerritu
1089 1515 1104 1545 a

159 1561 253 1617 Cerere,
269 1563 408 1622 lymphatum
423 1563 613 1623 aNymphis.-·
623 1559 745 1624 [Bellona]
764 1563 916 1610 sacerdotum
934 1577 1011 1623 genus
1027 1563 1104 1622 signi·

158 1625 221 1682 ficet,
239 1628 301 1686 quod
317 1641 346 1673 ex
363 1627 447 1672 infimis
463 1628 531 1688 plebe
546 1636 609 1682 erst3
628 1628 670 1687 qui
684 1627 826 1674 furiosorum
843 1628 868 1674 ia
882 1642 972 1674 morem
989 1629 1105 1674 saltantes

159 1690 277 1737 destrictis
286 1691 371 1751 gladiis
384 1706 434 1738 sese
448 1695 610 1750 cruentabant,
625 1701 652 1739 ut
662 1693 734 1748 Galli,
747 1693 842 1752 Magnae
854 1693 938 1738 listris
947 1694 1020 1739 deum
1034 1693 1105 1738 idere

158 1756 298 1802 sacerdotes.
320 1757 358 1803 Illi
369 1764 449 1802 autem
460 1759 603 1803 vocabantur
606 1754 711 1818 sanam
721 1773 749 1804 es
759 1759 808 1805 aeds
819 1753 1103 1820 Bellona-[cram]

159 1820 244 1866 ‘rebus
256 1835 274 1866 s.
284 1822 430 1880 spectaculis,
440 1822 537 1867 cruore!

192 1883 327 1938 224-227.
348 1882 464 1947 [octavas]
484 1886 579 1941 comice.
596 1894 623 1933 ut
633 1886 720 1933 loven.
731 1887 755 1943 2,
767 1885 806 1944 40,
820 1887 911 1934 Tertiae
924 1901 938 1933 a
952 1887 1008 1933 calo
1017 1887 1106 1934 decidit

103 1993 107 2002 ,
162 1948 237 2003 Cato,-
260 1951 329 2008 gratis
350 1958 431 1995 contra
448 1950 580 2010 hyperbolt
597 1952 693 2011 Sappho
711 1952 801 1997 Graecis
819 1959 855 1998 est
874 1951 965 1996 decima
985 1952 1106 1998 Musa.-

160 2011 331 2076 [oompellcrsr]
350 2016 393 2060 ‘ne
411 2014 529 2074 iniuriosis
540 2016 617 2062 verbis
628 2030 666 2062 me
676 2015 825 2062 adorirentur
835 2016 911 2076 iniqui
923 2014 985 2061 mei!
994 2039 1028 2052 -·-
1035 2013 1104 2078 [toti-

159 2075 223 2139 dem]
244 2080 317 2139 ‘quot
330 2079 370 2125 ille
388 2079 446 2125 mihi
462 2080 586 2139 ingesserit
597 2082 670 2126 verba
686 2081 803 2127 insaniam
820 2080 992 2141 signification
1011 2081 1105 2138 insane,

160 2144 242 2197 delire,
253 2144 345 2201 cerrita,
355 2145 407 2199 lito,
419 2144 517 2190 totidem
528 2159 607 2191 rursus
618 2158 732 2204 regerem.
762 2147 865 2192 siceum
876 2147 964 2192 docebo
974 2159 1019 2190 sua
1029 2146 1105 2206 ipsius

159 2208 218 2255 vitia
227 2209 342 2269 respicere
355 2219 426 2269 atque
437 2210 579 2268 agnoscere)
612 2210 676 2256 Nota
689 2218 727 2256 est
741 2210 827 2256 labella
838 2210 944 2270 AEsopia,
959 2210 1018 2256 duas
1035 2224 1105 2271 peras

159 2287 180 2320 s.
190 2277 303 2321 manticas
319 2273 386 2321 nobis
401 2288 453 2320 esse
467 2275 541 2330 datas,
559 2289 631 2321 unam
641 2289 655 2321 e
667 2283 769 2334 pectore,
784 2275 882 2321 alteram
898 2289 912 2321 e
926 2283 993 2333 tergo
1004 2288 1105 2335 suspen·

160 2351 225 2392 σιω,
244 2339 269 2385 in
287 2340 329 2386 itta
347 2339 425 2385 aliena
439 2339 504 2396 vitia,
522 2340 547 2386 in
566 2339 610 2386 hac
626 2340 721 2400 propria
734 2334 1005 2402 ”senari-[ignoto]
1024 2341 1107 2399 ‘quod

159 2417 281 2462 uunquam
292 2404 415 2450 videmus!

192 2467 249 2525 228,
259 2467 313 2516 229.
331 2465 390 2529 [sic]
408 2469 485 2528 ‘Opto
496 2483 577 2514 verum
593 2469 653 2514 mihi
668 2469 746 2523 dican
762 2469 804 2527 sic,
820 2467 861 2514 ubi
877 2469 922 2515 hoc
938 2468 1030 2523 seceris,
1049 2481 1107 2514 cou-

159 2530 237 2590 tingat
251 2532 302 2588 ribi,
318 2540 344 2578 ut
360 2541 413 2592 post
429 2533 463 2579 rei
481 2532 601 2580 familiaris
617 2533 776 2592 naufragium,
790 2548 871 2580 rursus
887 2535 979 2580 lucrum
995 2533 1105 2580 iaciasin

160 2596 290 2642 vendendis
308 2596 390 2654 hortis,
408 2597 501 2652 tabulis,
516 2598 598 2659 signis,
617 2606 641 2644 et
656 2599 753 2658 quidem
767 2601 843 2659 majus
856 2598 927 2645 etiam
939 2612 1012 2657 quam
1025 2605 1106 2654 autes,

161 2673 209 2720 quo
221 2661 315 2720 jactura
330 2662 372 2708 illu
390 2662 435 2709 cito
452 2660 779 2724 compensetur.’—[plaris]
799 2668 887 2722 ‘quam
907 2664 1045 2723 priusquam
1063 2664 1105 2708 de·

160 2724 376 2787 caristie-[Qua
393 2742 427 2773 aas
443 2724 556 2787 stultitid]
576 2728 690 2788 ‘Propter
707 2743 778 2788 quam
793 2728 917 2774 stultitiam
937 2730 1005 2786 (nam
1023 2727 1107 2787 aliun

160 2788 266 2836 laborare
285 2805 323 2836 ms
339 2788 454 2851 concedo)
470 2794 512 2838 tud
527 2805 558 2837 ex
576 2793 684 2839 doctrinis
699 2807 737 2839 me
755 2793 845 2839 insanis
859 2791 1020 2839 adnumerssl
1041 2792 1107 2852 quud

80 2909 81 2914 ¹
160 2853 257 2913 quidem
268 2855 326 2900 mihi
339 2856 409 2902 nimis
420 2871 528 2903 severum
536 2857 652 2916 judicium
665 2858 773 2904 videtur!

193 2917 329 2965 aut-auu.
347 2917 495 2982 [etecusam]
516 2922 606 2982 Hygia.
619 2923 645 2969 1⁴⁸,
659 2922 713 2979 184,
727 2923 848 2976 Pesticos,
859 2923 967 2969 Echionis
978 2927 1003 2968 et
1013 2923 1106 2982 Agaues

155 2984 228 3042 filius,
245 2999 286 3030 ree
299 2984 434 3043 Thebarum,
446 2987 554 3034 Liberum
567 2990 660 3047 negauit
673 2989 740 3034 deust
754 3003 801 3034 esse
811 3001 852 3033 nec
863 2989 972 3048 mysteria
982 2984 1034 3046 ejas
1045 2988 1107 3032 acei-

159 3063 215 3108 μη
224 3049 303 3094 ualuit.
338 3049 372 3094 Ob
383 3052 422 3096 isco
433 3066 482 3097 eum
493 3054 572 3112 Agaue
588 3059 662 3098 nsoter
677 3067 727 3099 cuns
740 3053 855 3099 sororibus
865 3053 907 3097 Ino
917 3058 939 3099 et
951 3053 1055 3098 Autonoe
1063 3063 1107 3113 per

162 3115 273 3159 insaniam
293 3129 308 3158 α
325 3112 408 3160 Libero
424 3113 534 3176 objectam
551 3117 692 3163 membratim
710 3119 812 3163 haiacit.
847 3117 908 3162 Male
930 3117 970 3161 alii
991 3117 1106 3162 αὸααίωιι

163 3175 257 3238 (ferro).
287 3177 323 3222 De
333 3178 418 3224 eisdem
429 3193 454 3224 re
466 3179 534 3225 0viu.
548 3180 604 3228 Met.
617 3181 640 3237 3,
653 3181 708 3237 732,
722 3177 829 3243 (Agave)
840 3181 1026 3240 Avulsasque
1036 3186 1107 3240 capul

162 3244 243 3304 digitis
253 3242 366 3302 complexa
377 3245 483 3299 cruente,
496 3245 585 3291 Clamat
596 3247 630 3293 Iu.
637 3270 670 3279 —
677 3243 762 3307 [seris]
783 3255 811 3292 ut
820 3259 892 3306 supra
900 3261 920 3292 v.
928 3245 985 3301 223,
996 3246 1105 3299 mentis.

163 3321 185 3352 v.
196 3307 252 3362 244,
262 3321 381 3367 procorum
391 3313 414 3353 et
424 3323 507 3362 amore,
523 3309 571 3354 Sat.
583 3311 606 3365 2,
618 3310 641 3364 8,
653 3310 692 3367 83,
696 3311 761 3369 fictis
771 3326 856 3357 rarum.
909 3360 911 3364 ,

196 3371 330 3418 atto-24³.
352 3367 452 3432 [longos]
473 3372 579 3419 ‘Diuites
597 3375 721 3421 aemulatus
739 3376 765 3422 in
787 3375 869 3420 vittata
890 3375 932 3420 tuis
949 3375 1049 3420 domum
1069 3372 1108 3418 vel

163 3436 266 3493 porticus
280 3451 344 3482 nunc
358 3438 436 3496 ipsum
450 3436 558 3490 exstruis,
573 3437 598 3482 id
612 3439 677 3496 quod
691 3448 764 3485 martae
778 3448 826 3486 ture
842 3439 876 3485 rei
890 3453 974 3498 parum
988 3438 1108 3492 convenit,

164 3513 208 3543 uec
221 3501 300 3547 minua
314 3501 438 3547 ridiculum
454 3507 491 3546 est
503 3515 573 3559 qoam
588 3501 608 3547 si
623 3509 657 3557 tu,
668 3518 740 3563 prope
754 3505 860 3564 pumilio,
870 3504 952 3563 longos
962 3510 1025 3549 statu
1034 3511 1109 3560 atqua

163 3561 256 3609 incessu
271 3565 358 3612 imitari
375 3565 448 3612 velis.⁸
480 3564 495 3589 ‘¹
506 3565 581 3612 Terbo
594 3566 712 3624 gladiator
725 3568 771 3614 tuit
784 3569 870 3627 exiguo
886 3582 990 3628 corpore,
1000 3567 1044 3613 sed
1054 3566 1108 3612 aui·

164 3639 244 3673 mosus
253 3631 358 3692 pugni.”
378 3631 462 3692 Porpl.
470 3653 501 3664 -
509 3626 772 3694 [Spiritus-najaram
781 3628 885 3694 corpore]
896 3631 1025 3693 ‘maJorem
1034 3645 1110 3692 quam
