2442 4059
179 242 243 307 gpg
505 242 786 291 rnrunraursrro.
1020 241 1121 305 [erm.

182 449 184 457 Ι
214 393 315 449 67-72.
344 391 439 456 [omnis]
465 393 563 441 Minime
580 394 779 454 interpretandum
795 408 845 439 esse
864 408 917 439 cum
936 394 1076 441 Scholiastis
1092 396 1122 440 de

183 460 283 505 Velabro
300 463 329 505 ab
341 459 444 520 Agrippi
463 458 562 518 Augusti
575 461 642 519 J'ussu
658 460 780 513 exsiccato,
796 459 837 505 sed
855 460 883 504 de
900 474 968 505 cursu
981 460 1079 506 Tiberis
1093 461 1122 507 ab

184 530 290 582 Augusto
306 525 427 583 aggeribus
445 532 546 570 correcto
563 522 678 583 (ternpore
696 524 790 583 quidem
808 532 832 569 et
853 525 923 569 modo
942 525 1011 569 nubis
1025 524 1123 584 ignoto)

184 590 350 637 demonstravit
371 590 424 634 Feta
464 589 580 646 Equidem
602 590 648 634 huc
667 588 795 635 rettulerim
812 588 942 633 eluvionem
965 600 1123 635 memoratam

185 654 229 699 od.
243 653 297 710 1,2,
311 654 348 707 13,
368 665 391 698 Δ.
401 665 424 698 ιι.
434 666 455 699 c.
474 654 528 707 732,
548 661 599 713 post
616 668 686 711 quam
704 653 794 699 Tiberis
809 653 882 712 ripam
899 668 985 712 aggere
1002 655 1123 699 munitam

184 732 234 763 esse
251 733 360 777 perquam
375 717 423 763 veri
438 718 513 763 simile
528 714 687 779 esa—[stet]
705 718 819 763 ‘firmiter
833 718 901 763 duret
917 718 1056 777 stabilisque
1068 733 1123 778 per-

185 782 292 828 maneat!
306 808 337 818 —
351 780 518 843 [renascentur]
548 784 581 829 Ut
602 783 725 828 Frontonis
746 782 889 843 potissimum
911 791 980 827 oetste
1001 784 1123 842 permulta

184 850 254 892 verba
270 847 371 892 obsoleto
388 848 454 906 quasi
472 846 612 907 postliminio
632 848 657 893 in
675 862 803 893 sermonem
822 847 930 892 Latinum
947 848 1124 893 redierunt.-

187 908 319 972 [nrbitrinm
330 918 352 958 ct
357 910 432 973 juset
442 908 531 971 νοιυεα]
549 914 669 958 arbitrium
678 912 869 971 quodxstatuimus
881 912 945 957 nulli
953 913 1025 957 causi
1034 913 1122 963 allati:

179 974 228 1037 jus,
240 976 344 1030 facultas,
363 992 433 1036 quam
450 976 519 1023 ceteri
531 977 591 1023 ultro
605 988 746 1035 agnoscunt;
761 992 846 1035 ιιοτιαο,
863 978 925 1021 lexa
937 977 1003 1021 uobis
1014 978 1071 1032 lata,
1083 976 1123 1023 cui

185 1039 255 1087 ceteri
266 1042 432 1100 obtemperant.

218 1104 320 1159 75-78.
337 1106 389 1153 iam
401 1105 510 1165 expositis
521 1106 668 1164 generalibus
681 1106 710 1151 de
727 1104 868 1161 inventione,
887 1104 1048 1163 dispositione,
1066 1106 1122 1153 stilo

184 1171 305 1230 praeceptis
323 1185 358 1216 vv.
370 1170 472 1225 73—85,
489 1170 604 1231 praecipua
622 1171 698 1230 poesia
714 1185 800 1229 genera
817 1179 981 1215 enumeratae
999 1171 1120 1226 describit,

186 1249 277 1281 carmen
287 1235 385 1295 epicum,
396 1236 500 1295 elegiam,
508 1235 602 1289 iambos,
614 1236 758 1289 cornoediam,
769 1235 912 1293 tragaediam,
923 1248 998 1292 genus
1009 1234 1121 1294 lyricum.

185 1323 218 1333 —
228 1295 369 1361 [impariter]
387 1302 401 1325 ‘⁶
412 1301 462 1345 Hoc
470 1299 603 1345 adverbium
616 1300 723 1358 figuravit
731 1300 863 1345 Horatius.”
882 1298 1006 1344 Terentius
1017 1302 1121 1345 Scaurus

1198 845 1200 926 l

187 1365 249 1423 apud
267 1366 356 1411 Charis.
373 1365 395 1419 2,
414 1380 436 1425 p.
449 1363 502 1418 182,
527 1366 590 1410 l’.-
601 1360 765 1426 [querimonia]
787 1378 834 1409 nou
853 1364 882 1409 de
901 1364 984 1423 spretis
1002 1377 1019 1409 ι
1035 1364 1121 1423 puellis
1198 1387 1199 1426 3

187 1437 308 1488 poetarum
322 1430 446 1486 amoribus,
465 1430 505 1475 sed
520 1429 596 1475 luctus
612 1440 635 1475 et
650 1444 732 1475 meror
742 1430 771 1475 de
782 1428 862 1474 amicis
872 1429 907 1473 vel
919 1428 1009 1474 civibus
1019 1428 1121 1487 egregiis
1198 1481 1199 1484 Ἴ

188 1503 262 1539 morte
281 1494 372 1553 ereptis.
412 1488 538 1556 θρηνώδη,
560 1494 689 1553 lugubrem,
709 1494 779 1553 igitur
799 1493 890 1552 putarit
906 1492 979 1538 fnisse
999 1495 1030 1538 ab
1050 1493 1121 1539 initio

188 1558 293 1615 elegiam,
305 1566 405 1613 secutus,
417 1568 444 1605 ut
454 1559 552 1614 videtur,
570 1559 688 1617 vulgarem
698 1558 770 1613 illam,
782 1559 824 1603 sed
836 1558 924 1612 salsam,
935 1557 1080 1604 notationem
1089 1563 1120 1603 ab

187 1618 199 1667 i
210 1617 221 1667 ἓ
231 1618 320 1684 λέγειν.
327 1647 358 1657 -
368 1620 425 1684 [coti
434 1625 544 1670 sententis
554 1620 652 1684 compos]
670 1623 770 1677 maxime
781 1622 805 1667 in
816 1624 884 1667 rebus
894 1621 1021 1667 amatoriis.
1048 1624 1120 1668 ‘Post

187 1682 342 1748 θρηνητιιεὴν
359 1688 472 1746 elegiam,’
494 1687 577 1747 inquit,
598 1692 667 1733 ‘orta
686 1697 721 1733 est
739 1684 857 1749 ἐριοτιιιίι,’
879 1688 943 1746 cujus
963 1686 1120 1733 Mimnermus

188 1761 267 1796 auctor
289 1761 312 1797 et
331 1754 448 1813 exemplar
465 1760 528 1804 erat;
554 1752 638 1798 Callini
658 1767 685 1799 ac
706 1753 794 1812 'l'yrtcei
813 1750 998 1814 προτρεπτικὴν
1014 1751 1079 1798 illurn
1095 1760 1120 1798 et
1198 1785 1199 1804 ,

187 1810 331 1873 διδακτιιεήν
353 1818 442 1863 Solonis
463 1831 489 1863 ac
512 1817 655 1876 Theognidis
673 1832 720 1862 non
738 1812 1013 1876 memorab-[exiguos
1030 1813 1118 1877 elegos]

187 1880 284 1925 ‘tenues
302 1889 372 1940 atque
389 1881 504 1936 humiles,'
526 1882 566 1928 uhi
585 1882 724 1941 compararis
742 1890 766 1927 et
782 1889 920 1939 argumento
938 1889 961 1927 et
976 1889 1052 1926 metro
1064 1895 1119 1926 cum

187 1944 327 1991 carminibus
343 1944 420 2004 epicis.
453 1945 519 1991 Ovid.
532 1947 584 1992 Am.
603 1948 627 2002 2,
640 1946 661 2000 1,
671 1947 711 2002 21,
727 1948 842 2008 elegosque
859 1945 1121 1992 lecca-Grtmaotici

189 2007 289 2070 certant]
313 2010 393 2063 Orion,
415 2024 437 2068 p.
453 2010 492 2063 58,
510 2007 622 2072 Eripis-riv
644 2006 669 2056 δὲ
688 2012 731 2058 τοῦ
749 2009 857 2073 ἐλεγείου
870 2007 947 2073 φασίν
966 2006 990 2055 oi
1006 2008 1054 2072 μίν
1071 2008 1119 2056 τὸν

187 2068 350 2135 Ἀρχίλοχον,
372 2070 395 2119 oi
411 2070 435 2121 di
455 2073 605 2137 Μίμνερμον·
630 2072 653 2121 oi
669 2072 694 2122 di
710 2074 843 2123 Καλλῖνον
860 2070 1035 2135 παλαιότερον·
1053 2070 1118 2120 οὕτω

189 2135 295 2201 Δίδυμος
307 2139 409 2199 (Horatii
421 2140 527 2200 aqualis)
539 2138 614 2201 ἐντῷ
623 2142 679 2200 περὶ
688 2142 813 2198 Ποιητῶν.
846 2142 905 2190 Quoe
916 2138 1029 2200 posterior
1039 2140 1118 2198 opinio

188 2217 235 2247 non
247 2205 297 2249 sine
307 2205 378 2250 causi
388 2204 498 2250 invaluit:
515 2214 576 2249 certe
593 2206 706 2264 omniurn,
722 2220 773 2264 que
784 2206 814 2251 ad
826 2219 866 2250 nos
877 2211 1039 2263 pervenerunt,
1055 2204 1117 2249 anti·

189 2269 299 2325 quissima
321 2277 355 2314 est
370 2269 455 2315 oattini
474 2269 559 2327 elegia:
589 2265 684 2331 Mixtus
701 2271 736 2317 τῶ
758 2266 915 2323 ιεαταεεῖοθες
941 2262 991 2313 τότ’
1011 2266 1118 2329 ιίλειμοιι

188 2329 252 2385 ἕξετε
264 2328 389 2393 θνμόν,Ὦ
401 2329 467 2386 νέοις
484 2328 535 2380 οὐδ’
553 2329 653 2380 οίδεῖοθ’
664 2332 898 2398 ἀμφιπεριιετίουαςς
915 2334 978 2378 Stoh.
991 2331 1018 2378 T.
1028 2332 1067 2388 lil,
1079 2332 1115 2380 la

189 2397 304 2515 Fltpruisse
328 2408 406 2444 autem
425 2399 516 2445 ridetur
535 2399 608 2446 Bodio
629 2400 719 2445 circiter
737 2414 759 2447 a.
776 2399 823 2454 730
840 2414 861 2445 a
881 2398 945 2453 Chr„
966 2397 1117 2443 Archilochus

186 2476 208 2508 a.
239 2462 274 2508 lb.

220 2527 322 2580 79-82
351 2523 450 2588 [rabies]
476 2527 523 2574 Cir.
539 2527 615 2588 Epotl.
630 2527 654 2582 6,
670 2527 706 2574 ta
724 2528 786 2588 Rpp.
806 2528 827 2585 l,
847 2528 886 2583 la,
902 2523 1114 2588 25.-[pnprto]

186 2590 217 2635 ‘a
234 2605 258 2635 se
280 2589 374 2637 invento
396 2600 466 2651 atque
488 2593 580 2651 egregie
597 2601 694 2638 tractato
713 2601 738 2638 et
756 2593 810 2638 huic
826 2593 906 2650 generi
923 2592 991 2637 unice
1008 2591 1117 2652 apto!-

189 2651 287 2731 [iambo]
313 2656 378 2702 Ovid.
392 2657 426 2702 lb.
437 2657 482 2703 53:
500 2659 524 2703 in
542 2664 564 2703 te
582 2660 637 2704 miii
650 2660 708 2704 liber
726 2660 817 2735 ionias
828 2658 909 2703 Tincta
921 2657 1049 2735 OEgcomdeo
1064 2670 1116 2701 son-

186 2717 1116 2848 istaestentet,taelettetteamtztee}

188 2844 227 2894 dre
246 2846 273 2893 ἐν
293 2848 329 2909 τῷ
346 2846 427 2913 μέτρῳ
444 2848 525 2912 τούτῳ
547 2847 664 2914 ίιίμβιζον
682 2848 817 2909 ἀλλήλους.
829 2875 862 2885 -
874 2850 956 2908 [Hunc
975 2847 1045 2910 socci]
1068 2851 1115 2896 ‘Et

189 2913 302 2957 comoedia
312 2921 335 2958 et
346 2915 458 2973 tragoedia
468 2914 612 2976 potissimum
623 2918 715 2963 senario
726 2931 767 2963 usa
775 2916 826 2963 est!
833 2940 866 2949 -
874 2912 1001 2976 [Alternis]
1023 2914 1115 2962 Aristot.

191 2978 253 3022 Poet.
265 2976 287 3029 d,
308 2974 418 3039 μάλιστα
436 2978 550 3028 λεκτικὸν
567 2980 619 3028 τῶν
635 2978 731 3059 μίτραν
745 2979 774 3027 τὸ
790 2977 905 3043 ἰαμβεῖόν
921 2978 998 3027 ἐστιν
1015 2979 1115 3040 σημεῖον

190 3038 215 3088 δὲ
234 3038 330 3089 τούτου·
354 3041 461 3090 πλεῖστα
497 3045 529 3104 dp
545 3042 647 3107 ἰαμβεῖα
662 3044 690 3091 λι
709 3060 768 3107 ομεν
784 3042 812 3090 ἐν
828 3044 859 3107 τῇ
875 3040 994 3105 διαλέκτῳ
1013 3044 1115 3105 τῇτρὸς

189 3103 326 3163 ἀλλήλους,
341 3102 461 3169 ἑξάμετρα
480 3063 503 3156 ii
520 3063 824 3173 dispicio-{populares
848 3111 975 3155 Vincentem
995 3107 1112 3169 strepitu]

186 3172 271 3217 ‘altius
287 3181 406 3217 sonantem
419 3172 444 3218 in
463 3178 533 3221 scenis
548 3190 618 3234 quam
638 3176 722 3221 clamor
739 3175 834 3235 populi'
856 3177 911 3220 Acr.
954 3174 1020 3219 ‘Etsi
1037 3174 1115 3233 strepit

158 3244 164 3257 ¹
187 3235 303 3281 interdum
319 3246 472 3297 spectatorum
489 3254 548 3298 pars,
565 3240 715 3287 nihilominus
732 3253 746 3285 ε
762 3239 857 3310 reliquis
874 3238 941 3284 facile
960 3238 1113 3283 exaudiuntur

187 3300 258 3346 iambi
276 3313 369 3361 propter
387 3302 463 3361 ipsum
483 3318 631 3350 numerorum
642 3319 723 3363 genua,
743 3304 829 3363 inquo
847 3303 954 3349 facillime
965 3303 1112 3348 auresanirn·

184 3366 310 3476 {dippum
329 3364 412 3429 ἄρσεις
435 3377 458 3413 et
480 3364 616 3424 diosm’-
637 3365 740 3430 [ιεαιυιιι]
761 3366 852 3432 μίτραν
866 3365 1012 3428 πρακτικόν.
1046 3367 1111 3414 Arist.

217 3493 318 3541 tta-85.
337 3491 418 3555 [Μυεα
429 3493 503 3558 dedit]
524 3497 601 3543 Poenis
611 3498 689 3556 lyricae
701 3498 762 3543 varia
773 3512 859 3557 genera
869 3504 998 3552 enumerat,
1010 3496 1109 3555 hymnos,

183 3572 283 3619 premes,
304 3559 470 3618 dithyrambos,
492 3563 589 3607 heroum
609 3562 697 3618 laudes,
719 3560 837 3621 ἐπινίκια,
859 3557 970 3625 ἐρωτικά,
990 3558 1108 3620 παροίνια,

182 3622 291 3669 omittens
306 3621 421 3685 θρήνους.
435 3650 467 3660 -
483 3623 714 3688 [equum-prim]
732 3627 874 3684 ‘victorem’
896 3634 922 3672 ut
938 3625 1006 3672 Pind.
1021 3627 1107 3687 otyup
