2442 4059
175 250 240 316 214
504 250 788 299 luuunruuruulo.
1027 255 1129 315 [mm

210 405 311 452 lit—21.
330 399 449 465 [diuellat]
469 402 615 462 Exquisitior
625 416 682 448 aene
692 402 761 448 lectio
773 416 843 462 quam
855 403 961 462 &pellat
995 404 1064 451 iilud
1079 406 1129 465 sig-

175 470 262 524 nificat,
280 472 403 515 ‘somnum
420 468 497 517 subito
514 468 673 526 interrumpit,
691 481 781 526 nosque
791 468 879 513 excitat
887 469 901 520 ;'
919 468 972 524 hoc,
991 472 1052 515 ‘noa
1071 473 1129 516 dor·

175 537 235 585 mire
254 549 301 580 non
321 529 692 593 sinit.'—[Libyeir—lupiiiis]
711 531 827 591 Loquitur
842 533 871 577 de
886 532 1030 591 pauimentis
1042 532 1127 594 (λιθο-

176 596 790 659 orpiirorc)tesseliutisetvermiculatisexurarnrore
799 596 1129 647 Numidicocaerimdirns'rruto
1205 593 1206 612 ¹

176 664 274 724 (Appul.
288 664 345 709 Met·
357 663 381 716 ὅ,
393 677 415 721 p.
430 662 485 718 237,
499 658 602 721 Wouw.)
621 660 715 721 (noruie
729 658 986 723 pereunti—[olet]
1004 673 1127 723 quatenus

174 730 269 775 floribus
287 728 325 773 vel
343 727 472 787 liquoribus
491 727 594 773 odoratis
613 729 784 786 spargebantur
802 726 1128 789 etiam'pavimcnta-[is

173 790 241 854 uicis]
257 792 334 847 Urbis,
344 792 368 837 in
378 806 435 851 quoa
443 806 504 852 aqua
512 806 541 837 er
553 792 645 850 magnis
654 790 838 851 aqueductibus
848 806 890 850 per
897 792 988 837 iistulaa
999 794 1127 852 plumbeas

174 874 192 905 s.
205 859 299 904 tubulos
311 858 446 903 ducebatur.
453 880 487 893 ··-
496 852 624 918 [trepidat]
641 857 804 903 ‘continenter
813 863 838 902 et
849 856 956 903 celeriter
966 858 1056 907 currit.’
1075 859 1127 907 Cir.

174 923 218 969 0d.
230 924 254 978 2,
266 922 290 976 ³,
305 922 341 968 ll.

206 989 245 1042 22,
255 987 292 1033 23.
310 983 422 1048 [Nempe]
435 986 496 1033 inest
504 986 586 1032 ironire
595 985 780 1045 significatio.—
787 982 861 1046 [iuter
869 985 1125 1051 ouria-eduam]

174 1052 292 1112 Loquitur
304 1055 334 1097 de
350 1052 472 1111 peristylio
490 1059 608 1099 exstructo
625 1065 656 1097 ex
671 1050 786 1097 columnia
806 1051 942 1097 marmorcis
960 1052 1027 1098 vario
1046 1054 1126 1101 colore

173 1112 441 1177 maculatiu.-[riiua}
455 1116 606 1162 ‘viridarium
625 1115 748 1175 peristylio
764 1116 883 1165 cinctum!
902 1116 946 1161 Od.
957 1116 982 1172 ³,
996 1116 1034 1164 1⁰.
1051 1118 1126 1167 Corn.

177 1182 236 1242 Nep
250 1186 299 1229 riti.
313 1181 350 1237 1³,
363 1181 447 1241 (Attici
460 1179 554 1241 domus)
566 1183 686 1227 umoeuitur
699 1196 743 1227 uros
756 1182 859 1240 aediioio,
877 1181 918 1227 red
928 1182 986 1229 siluri
996 1184 1125 1231 constabat·

172 1244 316 1310 ·-.[iougor]
336 1247 397 1292 ‘lute
412 1254 519 1292 extentos
538 1246 562 1291 in
580 1246 645 1291 urbiu
656 1245 743 1291 ricinia
756 1259 892 1305 peregrum
904 1246 1053 1293 Romanum'
1065 1249 1123 1295 olim

173 1321 222 1359 tarn
233 1312 341 1367 fertilem,
359 1325 421 1356 nunc
436 1324 508 1371 prope
525 1310 640 1356 incultum
653 1324 680 1356 ac
691 1306 977 1373 vastum—[prospicit]
998 1311 1079 1359 Etiam
1095 1313 1121 1359 in

172 1379 242 1438 prosi
253 1377 366 1425 oratioue.
389 1376 449 1421 Pliu.
462 1376 483 1431 l,
496 1376 517 1430 l,
529 1377 792 1435 vicinium-protus·
805 1376 943 1435 multumque
959 1379 1025 1425 ruris
1041 1378 1121 1431 sidetr

171 1443 350 1503 *hippodromi
360 1456 437 1487 nemus
448 1455 563 1501 conosque
572 1446 709 1499 prorprctai.

204 1506 243 1563 21,
254 1507 293 1555 25.
310 1502 441 1566 [Naturam
452 1506 551 1565 expellas
558 1500 644 1565 sured]
663 1505 748 1551 ‘hicet
764 1511 873 1552 naturam
889 1506 984 1551 summi
994 1505 1019 1552 ri
1033 1512 1056 1553 et
1066 1506 1115 1553 mi·

171 1571 287 1619 lidinimu
297 1580 347 1617 arte
358 1571 490 1630 opprimere
502 1570 600 1626 coueriu,
614 1578 694 1615 teman
707 1576 789 1617 manet
798 1570 886 1615 invicta
895 1582 1013 1629 suumque
1020 1572 1060 1630 jus
1070 1571 1115 1618 sibi

171 1635 293 1683 vindicat!
325 1636 403 1682 Furcd
418 1636 529 1695 erpellere
544 1636 640 1695 aliquem
660 1634 809 1694 proverbium
826 1641 863 1681 est
879 1648 921 1693 pro
930 1633 938 1658 ‘
947 1649 1030 1695 aspare
1045 1644 1116 1695 atque

171 1700 326 1761 ignominiane
339 1703 464 1747 exturbare
479 1708 503 1746 et
516 1700 617 1760 ejicere!
639 1700 689 1745 cic.
702 1700 732 1747 ai
743 1697 795 1747 uu
809 1698 847 1753 16,
857 1699 881 1754 2,
896 1699 1006 1749 Quam
1016 1696 1116 1760 seruitii

169 1768 319 1821 extrudimur,
336 1766 486 1813 Brundisium
502 1760 739 1826 cogita—[furtim]
755 1764 860 1811 ‘ratione
875 1764 942 1823 quasi
960 1764 1117 1822 enodarunt,

104 1832 109 1847 ¹
171 1839 197 1877 ut
215 1831 332 1890 quomodo
350 1830 392 1875 fiat
410 1830 449 1876 rix
466 1830 648 1885 animadvertas,
665 1828 706 1875 iila
723 1828 825 1875 diuitum
845 1828 939 1876 t'uutidiu
959 1843 1072 1889 perversa
1091 1839 1116 1877 et

170 1904 260 1942 nature
272 1895 388 1942 contraria
399 1895 478 1951 riuoit,
494 1894 594 1955 ipsique,
607 1894 759 1953 quartumvir
773 1908 787 1939 a
797 1893 898 1953 simplici
909 1893 957 1941 uiti
968 1894 1116 1952 recesserint,

169 1953 248 2007 tumen
259 1959 386 2019 aliquando
398 1959 434 2004 vel
444 1959 512 2006 inviti
524 1960 553 2005 ad
565 1973 617 2005 earu
629 1959 706 2005 redire
715 1958 847 2016 coquntur?

201 2025 305 2072 ssiu—28.
331 2021 398 2085 [Nou
414 2020 467 2085 qui]
486 2024 571 2069 ‘Falsa
588 2031 669 2069 autem
685 2023 726 2068 illa
741 2023 770 2069 de
785 2023 872 2069 finibus
888 2024 1002 2069 bonorum
1014 2024 1115 2082 judicie,

168 2092 249 2151 qualia
260 2091 398 2150 pierumque
410 2099 465 2135 sunt
475 2088 584 2143 divitum,
599 2088 675 2147 magis
691 2088 762 2134 noxia
777 2095 833 2133 aunt
847 2102 874 2133 ao
889 2088 1031 2134 beatitudini
1041 2089 1113 2135 inies·

96 2170 100 2175 ’
170 2158 238 2213 tiore,
254 2170 325 2215 quam
347 2154 471 2200 inscientia
488 2168 567 2199 rerum
585 2159 737 2201 externarum
755 2153 843 2200 nullius
860 2153 978 2212 ponderis,
994 2161 1021 2198 ut
1039 2168 1113 2213 quum

170 2236 212 2267 nos
230 2221 321 2267 deridet
340 2220 414 2272 dives,
431 2219 494 2278 quod
508 2231 638 2279 purpuram
657 2217 777 2263 Sidonium
788 2218 817 2262 ab
829 2216 950 2276 Aquinate
966 2217 1113 2277 distinguere

169 2278 613 2346 nesciamus.'—[routeudere·oriro]
638 2280 710 2330 datir.
725 2285 874 2341 ‘comparare
886 2297 940 2328 curn
951 2283 1113 2341 purpure&

171 2347 292 2411 [collidar]
311 2359 338 2396 ut
356 2352 403 2396 Sat.
423 2350 446 2405 2,
463 2347 486 2405 7,
507 2346 562 2407 lul,
584 2348 676 2394 subtilia
690 2352 715 2393 at
727 2345 947 2407 judee-coliiduac
969 2349 976 2373 ‘
986 2347 1069 2396 sollers
1086 2347 1112 2395 in

169 2416 336 2475 distinguendi
353 2415 459 2475 purpuri
476 2413 575 2466 sinceri,
591 2426 644 2470 que
662 2425 691 2458 ex
709 2409 819 2460 Plroenioe
835 2411 983 2471 importatur,
1001 2412 1032 2459 ab
1043 2414 1111 2459 adui-

168 2481 253 2534 terind,
275 2494 345 2540 quam
365 2480 395 2525 ad
416 2479 479 2525 illins
498 2477 653 2524 imitationem
677 2476 807 2535 Aquinates
829 2476 854 2521 in
875 2490 932 2535 agro
952 2476 1037 2526 Volsco
1058 2476 1112 2529 fuco

169 2546 272 2603 tingunt,
296 2552 323 2590 ut
339 2544 460 2603 imperitos
482 2541 658 2602 decipiant.'-
674 2536 780 2602 [sucum]
804 2540 903 2587 lichenis
923 2554 1007 2600 penus,
1026 2541 1111 2603 φῦκος,

168 2612 234 2669 cujus
253 2623 321 2655 sucoo
337 2610 374 2653 vel
392 2608 568 2654 medicabuntur
581 2606 661 2653 ianam
680 2606 775 2652 muricis
788 2620 857 2652 succo
874 2614 955 2665 postea
973 2606 1111 2665 ungendam

168 2675 206 2720 vei
228 2673 278 2725 sine
298 2674 361 2719 iilius
382 2672 500 2733 conchylii
520 2685 589 2718 runco
611 2670 775 2717 adulterinam.
788 2693 822 2703 -
834 2666 970 2731 [propiusue
990 2669 1110 2734 medullis]

169 2738 279 2784 ‘intimos
290 2738 363 2784 animi
374 2752 456 2784 seusus
467 2736 542 2796 magis
551 2735 696 2796 percellena’
764 2772 767 2779 .

199 2802 239 2859 30,
250 2803 289 2850 31.
308 2798 375 2863 [piru
387 2798 468 2863 uirnio]
486 2802 570 2848 Altera
582 2799 652 2847 lectio
665 2801 719 2860 plue
729 2814 792 2860 aequo
801 2800 940 2858 asteglosu
967 2799 1046 2849 Plau.
1059 2800 1110 2849 liii.
1203 2831 1204 2838 κ

168 2868 232 2914 Glor.
250 2869 274 2923 2,
291 2867 314 2921 6,
336 2868 389 2922 101,
413 2870 471 2913 uatis
488 2873 511 2915 et
529 2867 583 2927 plur
600 2866 669 2911 nimio
689 2867 762 2911 merui
778 2866 841 2911 maii.
875 2865 908 2914 ii.
926 2864 1045 2912 Antoniou
1064 2866 1109 2926 Ep.

167 2934 198 2979 ad
215 2933 263 2980 Cic.
282 2932 354 2981 Aule.
372 2932 409 2989 lo,
428 2932 451 2989 6,
478 2932 510 2980 Te
525 2933 593 2979 trinio
606 2932 660 2991 pius
675 2930 795 2991 «111131».-
810 2925 906 2990 [pones]
930 2930 1060 2989 ‘depones,
1081 2946 1110 2982 eq

163 2997 272 3046 carebis'

199 3060 301 3116 34-37.
324 3055 437 3122 [Gerous]
456 3060 553 3107 Aristot.
570 3059 668 3107 libator-
681 3060 704 3115 2,
722 3059 762 3114 20,
779 3066 804 3105 et
815 3058 897 3105 Conon
908 3058 976 3105 Narr.
990 3059 1031 3115 42,
1047 3059 1108 3108 hanc

165 3129 269 3175 subulam
296 3133 471 3181 conservarunt,
494 3126 541 3185 qui
563 3124 710 3173 Stesichorus
732 3123 884 3171 Himerenaea
906 3123 1006 3179 monuit,
1031 3139 1061 3171 ne
1082 3140 1108 3173 ae

167 3192 297 3241 Phalaridis
309 3188 404 3251 (Arist.)
420 3198 461 3236 aut
473 3189 569 3236 Gelonis
585 3187 692 3249 (Conon)
709 3188 829 3249 tyrannidi
838 3187 1049 3250 subjicerent.-·-[
1096 3214 1107 3225 ·

166 3255 282 3318 muribus]
301 3260 348 3303 ‘ex
362 3258 416 3315 jure
430 3255 536 3301 natum’
570 3254 639 3301 Ouid.
656 3254 714 3301 Met
728 3253 750 3308 l,
770 3253 824 3311 ltu,
842 3252 1025 3313 &numerique
1041 3257 1107 3315 priua

165 3339 206 3371 ceu
224 3325 309 3371 lumina
327 3322 380 3367 eolis
398 3326 420 3366 et
436 3334 506 3369 auras
525 3320 623 3365 hunuoe
634 3340 667 3354 -
678 3314 809 3380 [Peiiciui]
831 3318 919 3377 ‘sapa
938 3318 1107 3366 continuos-

167 3384 264 3451 [minor]
283 3397 309 3434 ut
328 3379 544 3446 iptorum-[opes]
570 3383 608 3429 Sic
626 3384 673 3430 Od,
692 3382 716 3439 ³,
734 3382 758 3437 ³.
773 3382 813 3437 28,
830 3381 892 3441 Epp,
909 3382 933 3437 2,
951 3383 974 3437 2,
993 3382 1048 3439 136,
1063 3398 1106 3443 pro

165 3452 324 3512 frequentiore
334 3449 454 3511 singulari.
463 3472 493 3483 -
504 3444 614 3509 [recepit]
632 3449 640 3475 ‘
651 3448 713 3495 uitro
723 3462 750 3494 ac
759 3447 861 3496 libentur
871 3446 1015 3507 accepiu’·-
1024 3444 1106 3508 [uictor

164 3515 259 3578 oialeru]
277 3518 367 3563 ‘vietor
377 3514 458 3569 evasit,
469 3523 592 3573 postquam
607 3512 659 3572 ipae
672 3526 766 3571 quoque
782 3519 899 3561 vectorem
914 3512 1029 3571 adiurans
1044 3512 1103 3560 iero·

165 3581 223 3627 citer
238 3596 291 3627 curu
302 3596 370 3628 cervo
385 3587 494 3627 certarunt
509 3578 617 3636 viresque
631 3591 686 3625 uuas
698 3577 792 3626 summi
805 3591 860 3623 eum
871 3577 1023 3627 conluuione
1037 3591 1103 3625 exse·

165 3645 266 3693 ruisset!
298 3646 433 3707 Explicabis
443 3644 515 3704 igitur
526 3642 667 3689 ‘vehemens
678 3649 702 3688 et
712 3640 785 3688 acer!
