2442 4059
181 276 244 341 234
512 280 794 329 intentantium.
1021 279 1117 344 [ursas.

181 454 214 465 -
224 426 349 491 [pangere]
367 428 437 475 etiam
455 428 479 475 iu
499 432 567 491 prosi
586 446 619 479 or.
637 431 685 479 Cic.
696 432 726 477 ad
744 431 809 477 Pam.
822 432 860 486 16,
876 430 913 486 lt,
929 432 1020 494 aliquid
1033 434 1117 495 Sopho-

181 497 252 543 cleum
278 512 306 540 on
323 509 367 541 ere.

213 510 322 607 323351
342 557 438 619 [Gratia
454 562 488 605 sio
498 557 614 621 fratrum]
633 561 748 622 ‘Propter
766 560 865 606 similem
884 562 1015 607 smdiorum
1031 562 1119 609 discre-

182 625 286 685 pantiam
303 633 380 670 ortum
397 632 433 669 est
451 624 576 685 aliquando
595 625 716 672 dissidium
732 626 792 672 inter
808 626 873 672 loris
890 635 914 671 et
925 627 1034 687 Antiopae
1052 628 1120 683 lilios,

183 690 348 749 Amphionem,
364 688 400 734 cui
413 689 543 735 Mercurius
559 690 635 749 lyram
649 690 713 736 illam
725 705 843 737 murorum
856 691 1019 737 Thebanorum
1037 691 1120 738 condi·

183 754 263 801 tricem
282 754 409 799 donaverat
427 752 482 811 (Od.
495 754 518 810 3,
538 754 575 807 ll,
597 753 623 815 l)
641 764 664 801 et
683 755 792 811 Zethum,
809 765 924 815 pastorem
943 765 967 801 et
985 756 1121 815 agricolam,

183 818 239 864 artis
252 818 345 864 musica
362 826 551 879 contemptorem,
563 827 634 879 atque
649 820 744 866 omnino
761 820 878 866 bominem
891 820 984 866 darum’
1002 820 1121 881 (Propert.

183 883 206 938 3,
219 882 257 938 lu,
273 879 325 944 29).
334 906 368 915 -
382 880 507 944 [dissiluit]
526 884 649 931 ‘celeriter
660 883 755 931 discissa
767 885 857 930 est'-
872 882 1000 946 [suspecta]
1019 887 1122 941 ‘inviam

184 961 253 1006 qnam
265 949 346 994 oderat
361 947 431 994 homo
448 963 541 994 severus
552 957 576 994 et
586 946 850 1010 tristis’-[Moribar]
868 950 972 1009 ‘quippe
990 951 1030 1009 qui
1043 950 1123 997 iratria

183 1011 341 1058 morositatem
359 1013 455 1073 pulchre
474 1020 557 1067 nosset,
576 1014 652 1068 cessit,
669 1028 699 1061 ne
712 1014 856 1074 implacabile
871 1015 950 1060 odium
967 1015 1030 1060 inter
1040 1018 1122 1061 ambos

184 1077 303 1123 oreretur!
321 1100 353 1111 -
372 1074 522 1138 [Amphion]
559 1086 682 1137 postquam
709 1078 865 1139 respondisset
892 1080 953 1139 apud
983 1080 1123 1139 Euripidem

185 1139 289 1201 (Fragm.
311 1142 416 1198 Diodori,
442 1158 463 1201 p.
476 1143 514 1197 83,
533 1158 555 1189 n.
575 1143 627 1200 30),
659 1141 694 1189 Τὸ
716 1138 736 1189 δ’
758 1140 862 1199 ἀσθενές
878 1158 926 1205 μου
945 1142 986 1190 roi
1008 1143 1037 1190 τὸ
1055 1143 1123 1201 θῆλυ

185 1204 300 1267 σώματος
318 1208 408 1260 Korde
426 1204 555 1269 lpippdrlc·
573 1205 614 1254 roi
632 1206 681 1271 γὰρ
695 1204 715 1255 el
733 1208 833 1270 φρονεῖν
851 1207 908 1271 ἔχω,
926 1209 1053 1271 Κρεῖσοον
1071 1205 1124 1255 rai·

185 1268 238 1319 ἔστι
255 1272 373 1335 καρτεροῦ
392 1267 539 1333 βραχίονος,
561 1273 635 1331 lyram
663 1275 706 1319 sub
728 1274 850 1332 chlamyde
865 1273 969 1328 abdidit,
991 1283 1019 1319 ut
1039 1283 1076 1320 est
1095 1276 1122 1320 iu

185 1336 318 1397 anaglypho
329 1338 391 1395 apud
406 1337 581 1382 wtncketmann
593 1338 694 1384 Morum.
704 1340 763 1385 laed.
781 1339 860 1389 νο1.2,
876 1354 899 1398 ρ.
912 1337 965 1385 113.
1059 1346 1063 1357 “

218 1400 320 1455 37-40.
339 1398 448 1462 [Aitolia]
475 1404 489 1426 “
506 1402 625 1460 Meleager
642 1403 798 1462 Calydonium
819 1416 900 1462 aprum
923 1401 1008 1447 nobilia
1026 1410 1124 1448 venator
1205 1411 1206 1420 ¹

186 1466 284 1525 excepit.
325 1466 381 1511 inde
400 1466 520 1525 epitheton
541 1466 595 1512 lecit
612 1468 731 1523 Horatius,
748 1476 774 1513 ut
795 1468 880 1514 AEtolis
894 1468 982 1513 retibus
1001 1468 1031 1513 ad
1054 1482 1123 1527 apros

186 1530 252 1577 iactis
270 1531 450 1589 intelligamus.”
474 1532 556 1591 Purph.
573 1529 767 1595 —[irrlrurnartae]
788 1534 902 1578 ‘morosae
923 1540 947 1577 et
968 1532 1123 1587 truculenta:

186 1610 260 1655 quum
277 1596 353 1641 omnis
369 1596 436 1642 Musa
450 1596 553 1641 humana
569 1605 592 1641 et
607 1598 679 1642 comis
693 1611 743 1643 esse
758 1593 1007 1659 debeat—[seriari]
1025 1597 1122 1643 morosi-

188 1668 267 1716 tatem,
283 1675 319 1720 pr.
337 1660 411 1719 qualis
430 1661 454 1706 in
473 1662 567 1706 senibus
586 1676 636 1707 esse
655 1660 908 1723 solet—[pulmenta]
934 1664 1047 1707 ‘menam
1061 1661 1122 1707 sera-

188 1738 249 1779 rum,
267 1739 324 1783 quas
341 1739 388 1770 una
408 1724 551 1771 conieceritis
562 1727 580 1780 ς’
598 1741 651 1785 quaa
669 1740 735 1773 coens
750 1728 787 1772 vel
806 1726 859 1773 ideo
875 1728 949 1786 placet
965 1726 1124 1781 venatoribus,

187 1790 251 1848 quod
262 1790 355 1849 proprio
365 1790 444 1836 labore
454 1799 535 1851 parata
549 1797 631 1835 est-
641 1788 710 1852 [utile
722 1788 807 1853 soma]
824 1800 918 1851 propter
932 1792 957 1838 id
972 1792 1049 1850 ipsum
1061 1793 1125 1850 quod

188 1853 295 1900 assiduus
317 1862 413 1900 venator
435 1856 543 1901 abhorret
564 1854 593 1901 ab
615 1855 678 1902 omni
699 1856 810 1911 mollitie3
837 1858 935 1917 ‘corpus
952 1856 1027 1912 item,’
1049 1856 1124 1912 addit,

188 1916 456 1975 ‘venatiocorroboratl
548 1960 554 1966 .

222 1982 324 2029 tt-ts.
342 1980 452 2045 [corone]
470 1984 545 2038 ‘Seia
563 1998 609 2045 quo
626 1992 780 2045 spectatorum
793 1987 876 2045 plausu
893 1985 917 2031 in
931 1986 1021 2045 Campo
1037 1985 1126 2032 Martio

190 2054 213 2093 te
224 2061 332 2093 exerceas
343 2049 460 2094 batuendo
479 2057 502 2094 et
517 2049 564 2108 pila
578 2048 704 2109 jaciendo!
737 2051 826 2097 Proelia
841 2051 912 2108 igitur
929 2059 984 2096 sunt
996 2050 1125 2097 certamina

189 2112 286 2168 ludicra,
303 2128 355 2172 qua
376 2113 401 2158 in
423 2114 511 2173 Campo
530 2112 925 2176 committuntur.—[Cantabrica]
955 2116 1036 2165 Quum
1053 2114 1124 2170 dicat,

189 2178 246 2224 duce
257 2178 364 2237 Augusto
373 2192 430 2237 puer
441 2178 490 2223 hac
509 2179 567 2225 bella
578 2180 660 2232 tulisti,
676 2179 774 2225 minlme
791 2181 938 2239 cogitandum
951 2188 986 2225 est
997 2180 1027 2225 de
1039 2180 1125 2225 Canta·

189 2243 237 2288 bris
253 2245 282 2288 ab
295 2243 400 2303 Agrippa
411 2243 504 2288 demum
512 2254 598 2289 ·a.u.c.
615 2242 663 2297 734
674 2244 794 2291 debellatis
806 2245 879 2305 (Epp.
893 2245 913 2299 1,
928 2245 965 2298 12,
976 2244 1028 2302 26),
1044 2244 1127 2290 sedda

189 2306 339 2367 expeditione
350 2308 374 2353 in
391 2309 519 2354 Cantabros
530 2315 554 2354 et
567 2310 663 2353 Astures
673 2320 697 2355 Α.
707 2321 732 2355 u.
740 2321 762 2355 c.
777 2308 834 2364 729,
852 2313 881 2356 ab
893 2309 999 2367 Augusto
1010 2319 1126 2368 suscepta,

190 2379 222 2428 et,
240 2372 290 2432 ipse
305 2388 376 2432 quum
392 2372 416 2418 in
428 2375 534 2418 morbum
548 2374 670 2432 prolapsus
685 2382 753 2429 esset,
770 2377 800 2420 ab
818 2376 868 2435 ejus
885 2374 966 2433 legatis
984 2375 1010 2420 C.
1023 2374 1127 2419 Antistio

190 2446 215 2482 et
232 2437 258 2483 T.
268 2438 358 2483 Carisio
374 2438 436 2483 haud
453 2438 576 2484 infeliciter
592 2438 622 2482 ad
639 2437 709 2483 finem
724 2440 842 2499 perducta.
867 2439 912 2484 Dio
923 2440 987 2484 Cass.
997 2438 1037 2494 53,
1049 2439 1128 2484 m.-

192 2497 291 2562 [refigit]
316 2502 404 2547 ‘Nunc
424 2502 500 2561 ipsum
523 2500 558 2562 (a.
573 2514 598 2547 υ.
614 2514 636 2548 c.
658 2501 717 2565 734)
738 2503 859 2563 Augustus
880 2503 1016 2549 auctoritate
1038 2504 1084 2549 sui
1103 2511 1128 2549 et

190 2566 296 2626 potentii
311 2566 335 2611 id
352 2566 449 2625 perficit,
466 2577 492 2612 ut
509 2568 636 2625 religantur
646 2582 661 2612 a
673 2568 810 2614 Parthorum
828 2569 921 2627 templis
935 2582 1000 2613 arms
1018 2576 1043 2613 et
1060 2569 1129 2627 signa

192 2630 275 2676 Crasso
292 2631 348 2676 olim
365 2632 473 2690 adempta
488 2640 511 2677 et
527 2645 541 2676 a
557 2632 656 2677 Phraate
675 2633 826 2680 restituantur
843 2630 1054 2693 Romanis’—[si
1072 2634 1130 2694 qaid

117 2713 119 2716 ·
191 2690 268 2754 abest]
286 2695 324 2741 ‘si
338 2696 466 2755 quaeregio
480 2696 629 2756 longinquior
647 2699 750 2745 nondum
767 2700 869 2758 subjecta
883 2706 927 2752 est,
945 2711 997 2743 eam
1013 2697 1040 2743 in
1057 2698 1129 2743 ditio·

191 2773 246 2804 nem
263 2760 342 2819 populi
363 2761 462 2806 Romani
480 2761 579 2820 redigit'
612 2760 749 2808 Armeniam
767 2762 882 2821 significat
900 2763 983 2808 eodem
1001 2776 1065 2807 auno
1084 2762 1131 2808 Ar-

191 2823 261 2870 texite
282 2826 457 2885 ademptumst
476 2825 571 2885 Tigrani
592 2824 900 2889 traditam-[adjudicat]
920 2828 946 2873 V.
964 2827 1087 2887 proprium
1104 2828 1129 2873 in

191 2888 277 2935 finibus
288 2891 406 2948 regundis.
430 2891 478 2937 Cic.
491 2892 520 2937 de
532 2891 576 2936 011.
590 2890 610 2945 1,
622 2889 659 2937 lo.

223 2954 326 3008 stt-57.
354 2950 414 3016 [Ac]
428 2957 502 3017 lunge
521 2970 573 3001 cum
591 2970 611 3001 v.
629 2958 759 3008 interdatur
775 2970 811 3003 vv.
828 2971 856 3003 rre
871 2957 986 3002 te—adrie
1002 2955 1027 3001 iu
1043 2972 1130 3016 pareu-

192 3018 252 3065 thesi
273 3019 348 3077 posita
363 3029 426 3066 sunt.
439 3018 556 3081 —·[e.rtra
572 3018 701 3082 numeram]
726 3019 794 3082 παρὰ
812 3020 857 3067 τὸν
874 3016 971 3083 ῥυθμὸν
989 3019 1046 3080 (τοῦ
1058 3018 1130 3080 βίον)

192 3090 258 3131 aetra
269 3085 363 3138 moderas,
381 3082 451 3146 παρὰ
467 3081 548 3145 μέλος·
566 3085 729 3141 ‘inconcinne,
740 3094 819 3132 eontra
834 3086 997 3132 decorum'-
1007 3082 1130 3147 [augura]

192 3150 200 3175 ‘
211 3148 280 3194 licitis
290 3148 350 3193 ludis
360 3158 382 3193 te
391 3150 506 3195 oblectas!
517 3174 549 3184 -
559 3148 642 3211 [Actia
649 3147 873 3212 pugna-refertur]
892 3150 1033 3209 ‘imaginem
1045 3166 1131 3210 pugnae

194 3213 295 3259 Actiaca
310 3213 414 3268 exhibes,
430 3213 463 3259 ita
480 3223 506 3259 ut
523 3212 547 3260 tu
565 3214 675 3273 Augusti,
693 3215 836 3261 fraternam
855 3215 931 3260 minor
946 3215 1053 3271 Antonii,
1070 3215 1132 3261 servi

193 3278 314 3339 utriusque
331 3277 431 3323 militum
448 3287 524 3337 partes
540 3279 668 3338 11312133-
679 3276 808 3342 [Victoria]
826 3280 928 3326 Victoria
943 3280 1005 3324 alata
1021 3293 1132 3325 coronam

193 3344 297 3389 lauream
315 3342 393 3388 victori
410 3343 510 3403 imponit
526 3343 595 3389 etiam
613 3344 637 3389 in
654 3342 766 3398 nummis,
790 3358 848 3405 quos
864 3347 993 3391 uictoriatos
1010 3347 1131 3390 vocabant.

193 3431 226 3441 -
241 3402 470 3470 [atroque-pollice]
496 3408 522 3453 ln
539 3408 623 3469 pollice
644 3418 693 3455 erat
712 3417 737 3454 et
751 3409 837 3455 luroris
857 3418 881 3455 et
897 3408 1024 3454 aversionis
1041 3408 1132 3468 signid-

194 3473 272 3518 estio:
294 3488 348 3518 uam
367 3474 469 3519 faventes
487 3487 541 3518 eum
558 3476 703 3535 premebant,
720 3474 877 3537 improbantes
893 3476 1013 3519 vertebant
1030 3483 1094 3519 retro
1109 3481 1133 3520 et

194 3536 350 3595 subrigebant.
370 3539 439 3583 Hunc
450 3548 540 3596 gestum
552 3538 704 3584 nominabant
714 3537 818 3599 insertum
830 3540 940 3599 pollicem.
958 3538 1018 3584 Plin.
1030 3538 1069 3593 28,
1077 3539 1103 3596 2,
1109 3540 1132 3593 5,

194 3599 297 3655 Pollices,
309 3616 375 3661 quam
380 3600 506 3661 faveamus,
516 3617 617 3661 premere
628 3605 696 3649 etiarn
703 3602 939 3664 prouerbiojubenrur.

226 3663 329 3711 58-62.
346 3662 479 3727 [Protinus]
499 3668 584 3727 ‘porro
600 3667 741 3714 continuatis
755 3661 1049 3730 praeceptionibua'-[si
1063 3662 1135 3729 qaid]
