2442 4059
372 229 536 291 aristosa
558 244 779 290 nn‘ersonns.
1005 224 1052 287 09

101 396 202 460 Terrel
220 395 389 482 Neptunus
404 396 516 460 classes
535 396 743 481 Aquilonibus
757 408 852 473 arcet,

103 483 203 568 Regis
219 506 307 568 opus,
324 483 499 567 sterilisque
514 483 567 546 diu
583 483 681 567 palus,
698 498 832 568 aptaque
847 483 951 561 remis,
1005 487 1046 547 65

102 569 232 633 Vicinus
248 570 338 634 urbes
352 571 416 644 alit,
434 582 465 632 et
479 591 573 654 grave
588 569 684 633 sentit
697 583 851 647 aratrum3

104 656 169 718 Seu
185 678 307 719 cursum
324 655 454 720 mutavit
469 655 609 740 iniquum
626 655 768 741 frugibus
782 655 892 732 amnis,

102 740 250 804 Doctus
242 755 302 805 tter
316 742 447 806 melius:
470 741 611 806 mortalia
625 742 705 805 facta
721 742 875 824 peribunt,

105 827 231 890 Nedum
247 850 423 893 sermonum
438 839 500 890 stet
514 827 611 892 honos
627 841 660 891 ct
673 827 773 914 gratia
787 828 889 891 vivax.

105 912 213 977 Multa
228 927 438 989 renascentur,
454 935 524 997 quae
535 915 601 998 jam
617 914 771 1014 cecidere,
784 914 958 999 cadentque
1009 917 1051 977 70

106 998 190 1073 Quae
205 1023 289 1064 nunc
303 1013 377 1064 sunt
391 999 423 1062 in
440 999 555 1064 bonore
571 999 729 1100 vocabula,
746 1022 772 1063 sr
763 999 871 1062 volet
887 1022 969 1077 usus,

106 1084 213 1160 Quem
230 1109 326 1171 penes
340 1085 500 1150 arbitrium
517 1099 564 1150 est
579 1099 611 1152 et
620 1087 674 1171 jus
689 1099 722 1148 et
736 1108 844 1150 norma
858 1085 1017 1170 loquendi.

151 1172 217 1236 Res
232 1186 330 1256 gestae
344 1194 518 1258 regumque
533 1171 710 1257 ducumque
725 1184 757 1235 et
773 1172 870 1235 tristia
886 1172 976 1248 bella,

108 1257 183 1332 Quo
198 1259 289 1322 scribi
306 1271 431 1358 possent
445 1280 586 1339 numero,
600 1258 782 1322 monstravit
798 1251 966 1322 Homerus.

106 1344 282 1412 Versibus'
274 1343 431 1428 impariter
442 1344 566 1445 junctis
576 1343 769 1445 querimqnia
784 1346 930 1429 primum,
1013 1347 1054 1406 75

108 1429 186 1494 Post
201 1431 293 1496 etiam
310 1431 428 1495 inclusa
443 1443 490 1494 est
504 1430 567 1494 voti
582 1430 738 1495 sententia
752 1452 887 1514 compos.

108 1516 190 1591 Quis
206 1529 308 1580 tamen
326 1517 457 1601 exiguos
472 1515 578 1600 elegos
594 1515 732 1580 emiserit
745 1530 861 1591 auctor,

109 1603 315 1670 Grammatici
331 1614 460 1676 certant,
478 1615 510 1666 et
524 1601 625 1668 adhuc
638 1601 828 1702 subjudice
824 1603 867 1666 lis
883 1613 940 1666 cst.

109 1687 332 1754 Archilochum
350 1689 475 1774 proprio
489 1668 589 1752 rabies
604 1689 735 1752 armavit
749 1686 872 1752 iambo:

111 1774 210 1838 Hunc
225 1775 305 1838 socci
322 1796 433 1859 cepere
449 1773 571 1859 pedem,
588 1773 785 1861 grandesque
800 1774 954 1852 cothurni,
1015 1777 1057 1837 80

111 1860 254 1924 Alternis
268 1873 374 1946 aptum
390 1861 593 1937 sermonibus,
611 1874 644 1926 et
658 1861 822 1946 populares

109 1946 302 2010 Vincentem
317 1947 473 2029 strepitus,
490 1960 522 2010 ct
536 1958 643 2012 netum
657 1948 752 2011 rebus
765 1947 904 2033 agendis.

112 2032 210 2097 Musa
225 2032 311 2096 dedit
325 2032 437 2096 fidibus
451 2032 539 2096 divos
553 2055 729 2118 puerosque
745 2034 884 2109 deorum,

112 2118 157 2184 Et
171 2119 311 2219 pugilem
327 2119 485 2192 rictorem,
502 2132 535 2182 et
549 2141 664 2204 equum
680 2120 849 2182 certamine
864 2116 1009 2204 primum,
1121 2138 1124 2145 ’

111 2204 180 2288 Etj
186 2227 320 2268 utenum
337 2227 434 2280 curas,
451 2205 822 2270 etliberavinareserre.
1017 2206 1060 2267 85

154 2290 339 2376 Descriptus
354 2313 475 2354 servare
491 2291 574 2354 vices
590 2313 782 2376 operumque
798 2289 943 2366 colores,

78 2407 81 2414 ·
112 2376 180 2442 Cur
196 2399 282 2477 ego,
284 2377 310 2440 si
326 2399 449 2461 nequeo
464 2377 648 2463 ignoroque,
665 2390 758 2462 poeta
772 2374 913 2439 salutor?

114 2463 183 2528 Cur
197 2463 329 2539 nescire,
347 2463 466 2562 pudens
481 2485 584 2563 prave,
601 2485 695 2547 quam
711 2463 829 2526 discere
844 2458 951 2524 malo?

112 2548 267 2613 Versibus
283 2549 398 2633 exponi
415 2549 539 2633 tragicis
554 2571 602 2612 res
618 2548 735 2614 comica
749 2570 812 2612 non
828 2549 912 2611 vult:

114 2635 327 2736 Indignatur
318 2648 393 2702 rtem
409 2635 536 2719 privatis
550 2657 587 2736 ac
602 2658 699 2721 prope
714 2657 804 2698 socco
1019 2638 1061 2697 00

115 2721 184 2807 Dig
186 2721 235 2784 nis
250 2721 437 2785 carminibus
451 2721 567 2786 narrari
582 2744 671 2785 coena
687 2721 846 2806 Thyestae.

115 2747 251 2893 Singula
266 2830 399 2893 quaeque
415 2807 516 2870 locum
533 2819 661 2872 teneant
674 2809 783 2870 sortita
796 2808 951 2872 decenter.

115 2893 280 2956 Interdum
297 2907 398 2957 tamen
416 2905 449 2956 et
463 2915 570 2956 rocem
586 2893 737 2958 comoedia
751 2893 841 2970 tollit,

116 2979 284 3063 Iratusque
302 2979 454 3044 Chremes
469 2977 587 3042 tumido
602 2977 745 3063 delitigat
759 3001 832 3041 ore:
946 3035 949 3038 ,

116 3065 161 3129 Et
177 3065 313 3147 tragicus
328 3066 514 3150 plerumque
528 3064 615 3128 dolet
628 3086 771 3128 sermone
786 3065 922 3150 pedestri
1021 3067 1064 3125 96

115 3151 281 3252 Telephus
297 3162 330 3214 et
343 3151 467 3226 Peleus,
481 3173 575 3235 quum
592 3173 711 3236 pauper
725 3162 758 3216 et
772 3152 862 3215 exsul
876 3165 1008 3236 uterque

116 3237 204 3322 Proj
198 3238 251 3304 rcit
265 3236 415 3322 ampullas
431 3249 464 3301 ct
477 3236 705 3338 sesquipedalia
719 3237 824 3314 verba,

118 3324 153 3388 Si
171 3339 260 3386 curat
275 3346 327 3386 cor
340 3323 509 3407 spectantis
525 3323 665 3410 tetigisse
680 3323 817 3408 querela.

161 3408 237 3472 Non
253 3409 327 3474 satis
342 3423 389 3472 est
403 3409 531 3494 pulchra
545 3431 612 3474 esse
627 3423 789 3494 poemata,
812 3407 914 3472 dulcia
927 3416 1030 3482 sunto,

117 3494 173 3571 Et,
192 3517 381 3580 quocunque
396 3495 511 3570 volent,
527 3495 665 3558 animum
682 3495 830 3559 auditoris
844 3503 972 3577 agunto.
1005 3496 1066 3560 100

120 3580 170 3648 Ut
185 3581 360 3649 ridentibus
374 3580 545 3658 arrident,
536 3594 579 3644 rta
595 3581 743 3644 fientibus
756 3579 870 3643 adsunt

523 3671 628 3728 ι2
