<?xml version="1.0" encoding="UTF-8"?>
<!DOCTYPE html PUBLIC "-//W3C//DTD XHTML 1.0 Transitional//EN"
    "http://www.w3.org/TR/xhtml1/DTD/xhtml1-transitional.dtd">
<html xmlns="http://www.w3.org/1999/xhtml" xml:lang="en" lang="en">
 <head>
  <title>
</title>
<meta http-equiv="Content-Type" content="text/html;charset=utf-8" />
  <meta name='ocr-system' content='tesseract 3.04.00' />
  <meta name='ocr-capabilities' content='ocr_page ocr_carea ocr_par ocr_line ocrx_word'/>
</head>
<body>
  <div class='ocr_page' id='page_1' title='image "./ecloghoratianad00flacgoog_0124.png"; bbox 0 0 2442 4059; ppageno 0'>
   <div class='ocr_carea' id='block_1_1' title="bbox 165 252 1109 322">
    <p class='ocr_par' dir='ltr' id='par_1_1' title="bbox 165 252 1109 322">
     <span class='ocr_line' id='line_1_1' title="bbox 165 252 1109 322; baseline -0.01 -12"><span class='ocrx_word' id='word_1_1' title='bbox 165 255 226 322; x_wconf 82' lang='lat'>116</span> <span class='ocrx_word' id='word_1_2' title='bbox 490 255 772 304; x_wconf 74' lang='lat' dir='ltr'>ruuuutuuusuro.</span> <span class='ocrx_word' id='word_1_3' title='bbox 1035 252 1109 320; x_wconf 72' lang='lat' dir='ltr'>[sss.</span> 
     </span>
    </p>
   </div>
   <div class='ocr_carea' id='block_1_2' title="bbox 159 404 1110 1633">
    <p class='ocr_par' dir='ltr' id='par_1_2' title="bbox 159 404 1110 972">
     <span class='ocr_line' id='line_1_2' title="bbox 197 404 1108 471; baseline -0.003 -16"><span class='ocrx_word' id='word_1_4' title='bbox 197 408 329 456; x_wconf 82' lang='lat' dir='ltr'>ltu-116.</span> <span class='ocrx_word' id='word_1_5' title='bbox 348 404 461 471; x_wconf 83' lang='lat' dir='ltr'>[capella]</span> <span class='ocrx_word' id='word_1_6' title='bbox 479 407 655 464; x_wconf 68' lang='lat' dir='ltr'>‘Proverbium</span> <span class='ocrx_word' id='word_1_7' title='bbox 670 421 718 466; x_wconf 91' lang='lat' dir='ltr'>quo</span> <span class='ocrx_word' id='word_1_8' title='bbox 728 414 752 453; x_wconf 89' lang='lat' dir='ltr'>et</span> <span class='ocrx_word' id='word_1_9' title='bbox 762 405 861 453; x_wconf 79' lang='lat' dir='ltr'>Ovidius</span> <span class='ocrx_word' id='word_1_10' title='bbox 873 421 929 453; x_wconf 90' lang='lat' dir='ltr'>usus</span> <span class='ocrx_word' id='word_1_11' title='bbox 939 414 975 452; x_wconf 91' lang='lat' dir='ltr'>est</span> <span class='ocrx_word' id='word_1_12' title='bbox 987 404 1029 467; x_wconf 76' lang='lat' dir='ltr'>(A.</span> <span class='ocrx_word' id='word_1_13' title='bbox 1046 406 1074 452; x_wconf 78' lang='lat' dir='ltr'>A.</span> <span class='ocrx_word' id='word_1_14' title='bbox 1086 405 1108 461; x_wconf 88' lang='grc'>1,</span> 
     </span>
     <span class='ocr_line' id='line_1_3' title="bbox 162 472 1109 533; baseline -0.004 -11"><span class='ocrx_word' id='word_1_15' title='bbox 162 472 231 533; x_wconf 81' lang='grc'><strong>319.)</strong></span> <span class='ocrx_word' id='word_1_16' title='bbox 244 489 316 533; x_wconf 88' lang='lat' dir='ltr'>quum</span> <span class='ocrx_word' id='word_1_17' title='bbox 331 475 370 529; x_wconf 91' lang='lat' dir='ltr'>ait,</span> <span class='ocrx_word' id='word_1_18' title='bbox 389 475 499 520; x_wconf 76' lang='lat' dir='ltr'><strong><em>Fertilior</em></strong></span> <span class='ocrx_word' id='word_1_19' title='bbox 514 489 577 533; x_wconf 83' lang='lat' dir='ltr'>seges</span> <span class='ocrx_word' id='word_1_20' title='bbox 589 480 624 520; x_wconf 85' lang='lat' dir='ltr'>est</span> <span class='ocrx_word' id='word_1_21' title='bbox 641 474 722 519; x_wconf 84' lang='lat' dir='ltr'>alienis</span> <span class='ocrx_word' id='word_1_22' title='bbox 732 487 819 532; x_wconf 83' lang='lat' dir='ltr'>semper</span> <span class='ocrx_word' id='word_1_23' title='bbox 829 475 854 518; x_wconf 84' lang='lat' dir='ltr'>in</span> <span class='ocrx_word' id='word_1_24' title='bbox 867 475 939 533; x_wconf 83' lang='lat' dir='ltr'>agris,</span> <span class='ocrx_word' id='word_1_25' title='bbox 959 472 1109 532; x_wconf 72' lang='lat' dir='ltr'>Vicinumque</span> 
     </span>
     <span class='ocr_line' id='line_1_4' title="bbox 159 534 1108 599; baseline -0.003 -14"><span class='ocrx_word' id='word_1_26' title='bbox 159 555 231 599; x_wconf 81' lang='lat' dir='ltr'>pecus</span> <span class='ocrx_word' id='word_1_27' title='bbox 248 540 362 598; x_wconf 83' lang='lat' dir='ltr'>grandius</span> <span class='ocrx_word' id='word_1_28' title='bbox 384 540 439 584; x_wconf 87' lang='lat' dir='ltr'>uber</span> <span class='ocrx_word' id='word_1_29' title='bbox 460 539 543 584; x_wconf 89' lang='lat' dir='ltr'>bobel.&#39;</span> <span class='ocrx_word' id='word_1_30' title='bbox 587 534 785 598; x_wconf 75' lang='lat' dir='ltr'>Pamin—[Sic]</span> <span class='ocrx_word' id='word_1_31' title='bbox 808 544 844 582; x_wconf 88' lang='lat' dir='ltr'>est</span> <span class='ocrx_word' id='word_1_32' title='bbox 864 547 923 594; x_wconf 81' lang='lat' dir='ltr'>part.</span> <span class='ocrx_word' id='word_1_33' title='bbox 945 537 1108 582; x_wconf 74' lang='lat' dir='ltr'>similitudinis</span> 
     </span>
     <span class='ocr_line' id='line_1_5' title="bbox 162 599 1108 664; baseline -0.001 -16"><span class='ocrx_word' id='word_1_34' title='bbox 162 604 307 662; x_wconf 88' lang='lat' dir='ltr'>respondens</span> <span class='ocrx_word' id='word_1_35' title='bbox 324 603 431 662; x_wconf 72' lang='lat' dir='ltr'>sequenti</span> <span class='ocrx_word' id='word_1_36' title='bbox 448 609 480 648; x_wconf 85' lang='lat' dir='ltr'>nt.</span> <span class='ocrx_word' id='word_1_37' title='bbox 489 626 522 637; x_wconf 96' lang='lat'>-</span> <span class='ocrx_word' id='word_1_38' title='bbox 534 599 634 664; x_wconf 66' lang='lat' dir='ltr'>[muros]</span> <span class='ocrx_word' id='word_1_39' title='bbox 652 602 744 648; x_wconf 80' lang='lat' dir='ltr'>Ennius</span> <span class='ocrx_word' id='word_1_40' title='bbox 757 602 818 648; x_wconf 79' lang='lat' dir='ltr'>Arm.</span> <span class='ocrx_word' id='word_1_41' title='bbox 832 601 853 654; x_wconf 88' lang='lat'>1,</span> <span class='ocrx_word' id='word_1_42' title='bbox 866 601 920 656; x_wconf 84' lang='lat' dir='ltr'>lot,</span> <span class='ocrx_word' id='word_1_43' title='bbox 936 604 1007 648; x_wconf 83' lang='lat' dir='ltr'>ueluti</span> <span class='ocrx_word' id='word_1_44' title='bbox 1022 604 1108 656; x_wconf 86' lang='lat' dir='ltr'>consul,</span> 
     </span>
     <span class='ocr_line' id='line_1_6' title="bbox 162 667 1110 728; baseline -0.002 -15"><span class='ocrx_word' id='word_1_45' title='bbox 162 684 230 728; x_wconf 85' lang='lat' dir='ltr'>quum</span> <span class='ocrx_word' id='word_1_46' title='bbox 241 669 329 714; x_wconf 87' lang='lat' dir='ltr'>mittere</span> <span class='ocrx_word' id='word_1_47' title='bbox 340 671 429 728; x_wconf 83' lang='lat' dir='ltr'>signam</span> <span class='ocrx_word' id='word_1_48' title='bbox 445 668 502 721; x_wconf 85' lang='lat' dir='ltr'>Vult,</span> <span class='ocrx_word' id='word_1_49' title='bbox 520 683 593 714; x_wconf 85' lang='lat' dir='ltr'>omnes</span> <span class='ocrx_word' id='word_1_50' title='bbox 604 669 667 714; x_wconf 82' lang='lat' dir='ltr'>avidi</span> <span class='ocrx_word' id='word_1_51' title='bbox 680 673 784 726; x_wconf 84' lang='lat' dir='ltr'>spectant</span> <span class='ocrx_word' id='word_1_52' title='bbox 797 667 830 712; x_wconf 83' lang='lat' dir='ltr'>ad</span> <span class='ocrx_word' id='word_1_53' title='bbox 843 669 943 713; x_wconf 86' lang='lat' dir='ltr'>carceris</span> <span class='ocrx_word' id='word_1_54' title='bbox 956 682 1015 722; x_wconf 85' lang='lat' dir='ltr'>orus,</span> <span class='ocrx_word' id='word_1_55' title='bbox 1035 667 1110 716; x_wconf 82' lang='lat' dir='ltr'>Quam</span> 
     </span>
     <span class='ocr_line' id='line_1_7' title="bbox 162 729 1108 792; baseline -0.001 -15"><span class='ocrx_word' id='word_1_56' title='bbox 162 747 212 778; x_wconf 81' lang='lat' dir='ltr'>moe</span> <span class='ocrx_word' id='word_1_57' title='bbox 227 735 318 778; x_wconf 85' lang='lat' dir='ltr'>emittat</span> <span class='ocrx_word' id='word_1_58' title='bbox 331 735 403 792; x_wconf 86' lang='lat' dir='ltr'>pictis</span> <span class='ocrx_word' id='word_1_59' title='bbox 419 748 447 778; x_wconf 81' lang='lat' dir='ltr'>ee</span> <span class='ocrx_word' id='word_1_60' title='bbox 458 729 563 792; x_wconf 84' lang='lat' dir='ltr'>faucibu&#39;</span> <span class='ocrx_word' id='word_1_61' title='bbox 583 729 798 792; x_wconf 72' lang='lat' dir='ltr'>curren-[illam</span> <span class='ocrx_word' id='word_1_62' title='bbox 809 732 968 789; x_wconf 73' lang='lat' dir='ltr'>Preteritum]</span> <span class='ocrx_word' id='word_1_63' title='bbox 988 731 1108 791; x_wconf 85' lang='lat' dir='ltr'>‘equum,’</span> 
     </span>
     <span class='ocr_line' id='line_1_8' title="bbox 163 794 1110 858; baseline 0 -16"><span class='ocrx_word' id='word_1_64' title='bbox 163 811 210 842; x_wconf 88' lang='lat' dir='ltr'>non</span> <span class='ocrx_word' id='word_1_65' title='bbox 223 796 358 854; x_wconf 69' lang='lat' dir='ltr'>‘aurigam’</span> <span class='ocrx_word' id='word_1_66' title='bbox 371 807 397 843; x_wconf 93' lang='lat' dir='ltr'>ut</span> <span class='ocrx_word' id='word_1_67' title='bbox 409 797 474 843; x_wconf 88' lang='lat' dir='ltr'>Voss.</span> <span class='ocrx_word' id='word_1_68' title='bbox 482 821 514 830; x_wconf 95' lang='lat'>—</span> <span class='ocrx_word' id='word_1_69' title='bbox 524 794 648 858; x_wconf 81' lang='lat' dir='ltr'>[temnens]</span> <span class='ocrx_word' id='word_1_70' title='bbox 668 797 737 842; x_wconf 80' lang='lat' dir='ltr'>Haud</span> <span class='ocrx_word' id='word_1_71' title='bbox 749 811 801 843; x_wconf 88' lang='lat' dir='ltr'>raro</span> <span class='ocrx_word' id='word_1_72' title='bbox 812 797 856 842; x_wconf 90' lang='lat' dir='ltr'>boc</span> <span class='ocrx_word' id='word_1_73' title='bbox 866 796 965 857; x_wconf 89' lang='lat' dir='ltr'>simplici</span> <span class='ocrx_word' id='word_1_74' title='bbox 975 812 998 843; x_wconf 85' lang='lat' dir='ltr'>v.</span> <span class='ocrx_word' id='word_1_75' title='bbox 1009 806 1110 842; x_wconf 90' lang='lat' dir='ltr'>utuntur</span> 
     </span>
     <span class='ocr_line' id='line_1_9' title="bbox 162 860 1109 923; baseline 0.002 -17"><span class='ocrx_word' id='word_1_76' title='bbox 162 869 246 921; x_wconf 71' lang='lat' dir='ltr'>poete.</span> <span class='ocrx_word' id='word_1_77' title='bbox 282 861 344 922; x_wconf 85' lang='lat' dir='ltr'>Virg.</span> <span class='ocrx_word' id='word_1_78' title='bbox 365 863 420 909; x_wconf 84' lang='lat' dir='ltr'>AEn.</span> <span class='ocrx_word' id='word_1_79' title='bbox 437 861 461 918; x_wconf 86' lang='grc'>6,</span> <span class='ocrx_word' id='word_1_80' title='bbox 477 861 533 917; x_wconf 81' lang='lat'>620,</span> <span class='ocrx_word' id='word_1_81' title='bbox 551 863 640 909; x_wconf 85' lang='lat' dir='ltr'>Discite</span> <span class='ocrx_word' id='word_1_82' title='bbox 648 860 769 923; x_wconf 74' lang='lat' dir='ltr'>justitium</span> <span class='ocrx_word' id='word_1_83' title='bbox 787 863 866 908; x_wconf 87' lang='lat' dir='ltr'>moniti</span> <span class='ocrx_word' id='word_1_84' title='bbox 884 869 907 908; x_wconf 87' lang='lat' dir='ltr'>et</span> <span class='ocrx_word' id='word_1_85' title='bbox 923 877 967 908; x_wconf 85' lang='lat' dir='ltr'>nore</span> <span class='ocrx_word' id='word_1_86' title='bbox 986 868 1109 908; x_wconf 81' lang='lat' dir='ltr'>temnere</span> 
     </span>
     <span class='ocr_line' id='line_1_10' title="bbox 162 927 232 972; baseline 0 0"><span class='ocrx_word' id='word_1_87' title='bbox 162 927 232 972; x_wconf 76' lang='lat' dir='ltr'>diosa</span> 
     </span>
    </p>

    <p class='ocr_par' dir='ltr' id='par_1_3' title="bbox 161 987 1110 1633">
     <span class='ocr_line' id='line_1_11' title="bbox 198 987 1109 1053; baseline 0 -17"><span class='ocrx_word' id='word_1_88' title='bbox 198 989 331 1045; x_wconf 73' lang='lat' dir='ltr'>tlt-120.</span> <span class='ocrx_word' id='word_1_89' title='bbox 349 988 453 1053; x_wconf 78' lang='lat' dir='ltr'>[connino</span> <span class='ocrx_word' id='word_1_90' title='bbox 463 988 541 1052; x_wconf 85' lang='lat' dir='ltr'>satur]</span> <span class='ocrx_word' id='word_1_91' title='bbox 561 990 698 1037; x_wconf 80' lang='lat' dir='ltr'>Aristoteles</span> <span class='ocrx_word' id='word_1_92' title='bbox 709 991 771 1049; x_wconf 86' lang='lat' dir='ltr'>apud</span> <span class='ocrx_word' id='word_1_93' title='bbox 783 990 881 1036; x_wconf 80' lang='lat' dir='ltr'>Maxim</span> <span class='ocrx_word' id='word_1_94' title='bbox 892 999 917 1036; x_wconf 92' lang='lat' dir='ltr'>et</span> <span class='ocrx_word' id='word_1_95' title='bbox 924 989 1011 1035; x_wconf 80' lang='lat' dir='ltr'>Anton.</span> <span class='ocrx_word' id='word_1_96' title='bbox 1021 1005 1045 1047; x_wconf 86' lang='lat' dir='ltr'>p.</span> <span class='ocrx_word' id='word_1_97' title='bbox 1052 987 1109 1046; x_wconf 76' lang='grc'><strong>878,</strong></span> 
     </span>
     <span class='ocr_line' id='line_1_12' title="bbox 162 1049 1109 1119; baseline 0 -18"><span class='ocrx_word' id='word_1_98' title='bbox 162 1051 208 1101; x_wconf 79' lang='lat' dir='ltr'>&#39;lber</span> <span class='ocrx_word' id='word_1_99' title='bbox 219 1055 264 1102; x_wconf 82' lang='grc' dir='ltr'>τοῦ</span> <span class='ocrx_word' id='word_1_100' title='bbox 274 1051 334 1114; x_wconf 81' lang='grc' dir='ltr'><strong><em>βίον</em></strong></span> <span class='ocrx_word' id='word_1_101' title='bbox 343 1053 477 1119; x_wconf 78' lang='grc' dir='ltr'>κράτιστόν</span> <span class='ocrx_word' id='word_1_102' title='bbox 485 1052 554 1101; x_wconf 72' lang='lat' dir='ltr'>leno</span> <span class='ocrx_word' id='word_1_103' title='bbox 562 1052 674 1108; x_wconf 65' lang='grc' dir='ltr'>ἐξιλᾶεἶν</span> <span class='ocrx_word' id='word_1_104' title='bbox 681 1051 715 1112; x_wconf 77' lang='grc' dir='ltr'>ὥς</span> <span class='ocrx_word' id='word_1_105' title='bbox 722 1053 749 1102; x_wconf 78' lang='lat' dir='ltr'>is</span> <span class='ocrx_word' id='word_1_106' title='bbox 757 1053 906 1117; x_wconf 76' lang='grc' dir='ltr'><strong><em>συμποσίου,</em></strong></span> <span class='ocrx_word' id='word_1_107' title='bbox 913 1050 975 1116; x_wconf 72' lang='grc' dir='ltr'>μήτε</span> <span class='ocrx_word' id='word_1_108' title='bbox 984 1049 1109 1113; x_wconf 68' lang='grc' dir='ltr'>διψῶντα,</span> 
     </span>
     <span class='ocr_line' id='line_1_13' title="bbox 161 1117 1109 1182; baseline 0 -17"><span class='ocrx_word' id='word_1_109' title='bbox 161 1117 226 1182; x_wconf 79' lang='grc' dir='ltr'>μήτε</span> <span class='ocrx_word' id='word_1_110' title='bbox 245 1117 383 1182; x_wconf 63' lang='grc' dir='ltr'><strong><em>μεθύοντα.</em></strong></span> <span class='ocrx_word' id='word_1_111' title='bbox 418 1122 509 1167; x_wconf 90' lang='lat' dir='ltr'>Lucret.</span> <span class='ocrx_word' id='word_1_112' title='bbox 521 1121 544 1172; x_wconf 83' lang='lat'>3.</span> <span class='ocrx_word' id='word_1_113' title='bbox 556 1120 612 1175; x_wconf 77' lang='grc'><strong>951,</strong></span> <span class='ocrx_word' id='word_1_114' title='bbox 630 1121 677 1167; x_wconf 81' lang='lat' dir='ltr'>Gar</span> <span class='ocrx_word' id='word_1_115' title='bbox 688 1136 738 1176; x_wconf 83' lang='lat' dir='ltr'>nan,</span> <span class='ocrx_word' id='word_1_116' title='bbox 755 1131 781 1167; x_wconf 84' lang='lat' dir='ltr'>at</span> <span class='ocrx_word' id='word_1_117' title='bbox 795 1121 896 1181; x_wconf 85' lang='lat' dir='ltr'>plenas</span> <span class='ocrx_word' id='word_1_118' title='bbox 911 1122 976 1165; x_wconf 73' lang='lat' dir='ltr'>sites</span> <span class='ocrx_word' id='word_1_119' title='bbox 993 1122 1109 1166; x_wconf 83' lang='lat' dir='ltr'>concisa</span> 
     </span>
     <span class='ocr_line' id='line_1_14' title="bbox 163 1179 1107 1247; baseline -0.001 -17"><span class='ocrx_word' id='word_1_120' title='bbox 163 1187 258 1242; x_wconf 86' lang='lat' dir='ltr'>recedis,</span> <span class='ocrx_word' id='word_1_121' title='bbox 279 1187 355 1247; x_wconf 83' lang='lat' dir='ltr'>AEqno</span> <span class='ocrx_word' id='word_1_122' title='bbox 372 1188 488 1247; x_wconf 84' lang='lat' dir='ltr'>animoque</span> <span class='ocrx_word' id='word_1_123' title='bbox 507 1188 571 1244; x_wconf 87' lang='lat' dir='ltr'>capis</span> <span class='ocrx_word' id='word_1_124' title='bbox 588 1201 697 1241; x_wconf 85' lang='lat' dir='ltr'>securam,</span> <span class='ocrx_word' id='word_1_125' title='bbox 712 1186 790 1241; x_wconf 86' lang='lat' dir='ltr'>stulte,</span> <span class='ocrx_word' id='word_1_126' title='bbox 809 1187 966 1246; x_wconf 76' lang='lat' dir='ltr'>quieteml-</span> <span class='ocrx_word' id='word_1_127' title='bbox 976 1179 1107 1246; x_wconf 83' lang='lat' dir='ltr'>[Crispini]</span> 
     </span>
     <span class='ocr_line' id='line_1_15' title="bbox 166 1246 1109 1312; baseline -0.002 -16"><span class='ocrx_word' id='word_1_128' title='bbox 166 1249 302 1311; x_wconf 79' lang='lat' dir='ltr'>Philosophi</span> <span class='ocrx_word' id='word_1_129' title='bbox 318 1252 439 1310; x_wconf 82' lang='lat' dir='ltr'>cujusdem</span> <span class='ocrx_word' id='word_1_130' title='bbox 458 1250 613 1310; x_wconf 80' lang='lat' dir='ltr'>loquacissimi</span> <span class='ocrx_word' id='word_1_131' title='bbox 627 1265 720 1303; x_wconf 88' lang='lat' dir='ltr'>nornen,</span> <span class='ocrx_word' id='word_1_132' title='bbox 738 1251 779 1309; x_wconf 91' lang='lat' dir='ltr'>qui</span> <span class='ocrx_word' id='word_1_133' title='bbox 794 1246 949 1312; x_wconf 80' lang='grc' dir='ltr'>ἁρετάλογος</span> <span class='ocrx_word' id='word_1_134' title='bbox 965 1251 1042 1295; x_wconf 89' lang='lat' dir='ltr'>dictus</span> <span class='ocrx_word' id='word_1_135' title='bbox 1057 1258 1109 1302; x_wconf 74' lang='lat' dir='ltr'>ests</span> 
     </span>
     <span class='ocr_line' id='line_1_16' title="bbox 163 1312 1107 1375; baseline 0.002 -16"><span class='ocrx_word' id='word_1_136' title='bbox 163 1315 255 1375; x_wconf 81' lang='lat' dir='ltr'>scripsit</span> <span class='ocrx_word' id='word_1_137' title='bbox 270 1316 340 1362; x_wconf 83' lang='lat' dir='ltr'>etism</span> <span class='ocrx_word' id='word_1_138' title='bbox 353 1331 432 1362; x_wconf 86' lang='lat' dir='ltr'>versus</span> <span class='ocrx_word' id='word_1_139' title='bbox 447 1317 476 1361; x_wconf 91' lang='lat' dir='ltr'>de</span> <span class='ocrx_word' id='word_1_140' title='bbox 493 1315 557 1361; x_wconf 74' lang='lat' dir='ltr'>secti</span> <span class='ocrx_word' id='word_1_141' title='bbox 568 1316 652 1361; x_wconf 75' lang='lat' dir='ltr'>Stoici.</span> <span class='ocrx_word' id='word_1_142' title='bbox 686 1316 759 1362; x_wconf 82' lang='lat' dir='ltr'>Soloi.</span> <span class='ocrx_word' id='word_1_143' title='bbox 794 1312 898 1374; x_wconf 79' lang='lat' dir='ltr'>Ineptum</span> <span class='ocrx_word' id='word_1_144' title='bbox 911 1323 976 1360; x_wconf 84' lang='lat' dir='ltr'>vocat</span> <span class='ocrx_word' id='word_1_145' title='bbox 988 1315 1037 1359; x_wconf 84' lang='lat' dir='ltr'>Sat.</span> <span class='ocrx_word' id='word_1_146' title='bbox 1051 1313 1107 1368; x_wconf 81' lang='grc'><strong>1,3,</strong></span> 
     </span>
     <span class='ocr_line' id='line_1_17' title="bbox 166 1376 1109 1441; baseline -0.002 -16"><span class='ocrx_word' id='word_1_147' title='bbox 166 1378 219 1428; x_wconf 79' lang='lat'><strong>139.</strong></span> <span class='ocrx_word' id='word_1_148' title='bbox 228 1404 260 1415; x_wconf 90' lang='lat'>—</span> <span class='ocrx_word' id='word_1_149' title='bbox 271 1377 352 1441; x_wconf 80' lang='lat' dir='ltr'>[lippi]</span> <span class='ocrx_word' id='word_1_150' title='bbox 374 1380 487 1426; x_wconf 83' lang='lat' dir='ltr'>Horatius</span> <span class='ocrx_word' id='word_1_151' title='bbox 496 1380 556 1426; x_wconf 91' lang='lat' dir='ltr'>ridet</span> <span class='ocrx_word' id='word_1_152' title='bbox 565 1379 668 1439; x_wconf 83' lang='lat' dir='ltr'>Crispini</span> <span class='ocrx_word' id='word_1_153' title='bbox 680 1379 781 1426; x_wconf 89' lang='lat' dir='ltr'>bominis</span> <span class='ocrx_word' id='word_1_154' title='bbox 789 1379 871 1425; x_wconf 86' lang='lat' dir='ltr'>insulsi</span> <span class='ocrx_word' id='word_1_155' title='bbox 880 1379 963 1424; x_wconf 78' lang='lat' dir='ltr'>faciem</span> <span class='ocrx_word' id='word_1_156' title='bbox 975 1376 999 1423; x_wconf 90' lang='lat' dir='ltr'>in</span> <span class='ocrx_word' id='word_1_157' title='bbox 1012 1379 1109 1424; x_wconf 87' lang='lat' dir='ltr'>modurn</span> 
     </span>
     <span class='ocr_line' id='line_1_18' title="bbox 164 1443 1110 1504; baseline 0 -16"><span class='ocrx_word' id='word_1_158' title='bbox 164 1443 248 1490; x_wconf 81' lang='lat' dir='ltr'>misere</span> <span class='ocrx_word' id='word_1_159' title='bbox 260 1445 384 1490; x_wconf 88' lang='lat' dir='ltr'>ridiculum</span> <span class='ocrx_word' id='word_1_160' title='bbox 395 1446 489 1491; x_wconf 82' lang='lat' dir='ltr'>assiduo</span> <span class='ocrx_word' id='word_1_161' title='bbox 502 1445 541 1490; x_wconf 89' lang='lat' dir='ltr'>illo</span> <span class='ocrx_word' id='word_1_162' title='bbox 553 1446 614 1491; x_wconf 79' lang='lat' dir='ltr'>malo</span> <span class='ocrx_word' id='word_1_163' title='bbox 626 1444 783 1504; x_wconf 82' lang='lat' dir='ltr'>deturpatam,</span> <span class='ocrx_word' id='word_1_164' title='bbox 792 1445 879 1490; x_wconf 87' lang='lat' dir='ltr'>‘oculis</span> <span class='ocrx_word' id='word_1_165' title='bbox 890 1444 1002 1493; x_wconf 82' lang='lat' dir='ltr'>humidis.</span> <span class='ocrx_word' id='word_1_166' title='bbox 1012 1443 1110 1498; x_wconf 91' lang='lat' dir='ltr'>rubidis,</span> 
     </span>
     <span class='ocr_line' id='line_1_19' title="bbox 164 1506 1110 1571; baseline 0.001 -18"><span class='ocrx_word' id='word_1_167' title='bbox 164 1506 261 1554; x_wconf 82' lang='lat' dir='ltr'>fortasse</span> <span class='ocrx_word' id='word_1_168' title='bbox 272 1524 302 1554; x_wconf 86' lang='lat' dir='ltr'>ex</span> <span class='ocrx_word' id='word_1_169' title='bbox 314 1512 356 1555; x_wconf 80' lang='lat' dir='ltr'>sui</span> <span class='ocrx_word' id='word_1_170' title='bbox 367 1511 422 1556; x_wconf 89' lang='lat' dir='ltr'>sede</span> <span class='ocrx_word' id='word_1_171' title='bbox 435 1510 557 1571; x_wconf 85' lang='lat' dir='ltr'>propulsis,</span> <span class='ocrx_word' id='word_1_172' title='bbox 575 1510 711 1555; x_wconf 85' lang='lat' dir='ltr'>continuato</span> <span class='ocrx_word' id='word_1_173' title='bbox 722 1509 787 1565; x_wconf 85' lang='lat' dir='ltr'>fletu,</span> <span class='ocrx_word' id='word_1_174' title='bbox 800 1509 947 1556; x_wconf 72' lang='lat' dir='ltr'>carbunculis</span> <span class='ocrx_word' id='word_1_175' title='bbox 958 1517 982 1553; x_wconf 91' lang='lat' dir='ltr'>et</span> <span class='ocrx_word' id='word_1_176' title='bbox 993 1509 1110 1554; x_wconf 81' lang='lat' dir='ltr'>ulceribus</span> 
     </span>
     <span class='ocr_line' id='line_1_20' title="bbox 163 1573 1110 1633; baseline 0.001 -15"><span class='ocrx_word' id='word_1_177' title='bbox 163 1581 206 1618; x_wconf 89' lang='lat' dir='ltr'>aut</span> <span class='ocrx_word' id='word_1_178' title='bbox 216 1576 442 1633; x_wconf 81' lang='lat' dir='ltr'>supercrescentibus</span> <span class='ocrx_word' id='word_1_179' title='bbox 454 1587 494 1620; x_wconf 90' lang='lat' dir='ltr'>aut</span> <span class='ocrx_word' id='word_1_180' title='bbox 506 1575 567 1620; x_wconf 83' lang='lat' dir='ltr'>cavis</span> <span class='ocrx_word' id='word_1_181' title='bbox 578 1582 620 1620; x_wconf 84' lang='lat' dir='ltr'>aut</span> <span class='ocrx_word' id='word_1_182' title='bbox 631 1573 738 1620; x_wconf 86' lang='lat' dir='ltr'>sordidis&#39;</span> <span class='ocrx_word' id='word_1_183' title='bbox 749 1573 878 1633; x_wconf 88' lang='lat' dir='ltr'>(quomodo</span> <span class='ocrx_word' id='word_1_184' title='bbox 887 1573 949 1618; x_wconf 83' lang='lat' dir='ltr'>raris</span> <span class='ocrx_word' id='word_1_185' title='bbox 961 1573 1110 1632; x_wconf 72' lang='lat' dir='ltr'>lippitudinis</span> 
     </span>
    </p>
   </div>
   <div class='ocr_carea' id='block_1_3' title="bbox 83 1639 1110 1697">
    <p class='ocr_par' dir='ltr' id='par_1_4' title="bbox 83 1639 1110 1697">
     <span class='ocr_line' id='line_1_21' title="bbox 83 1639 1110 1697; baseline 0.001 -15"><span class='ocrx_word' id='word_1_186' title='bbox 83 1650 86 1658; x_wconf 69' lang='grc'><em>’</em></span> <span class='ocrx_word' id='word_1_187' title='bbox 163 1651 252 1696; x_wconf 85' lang='lat' dir='ltr'>genera</span> <span class='ocrx_word' id='word_1_188' title='bbox 270 1640 381 1685; x_wconf 85' lang='lat' dir='ltr'>describit</span> <span class='ocrx_word' id='word_1_189' title='bbox 392 1641 475 1686; x_wconf 79' lang='lat' dir='ltr'>Celsus</span> <span class='ocrx_word' id='word_1_190' title='bbox 483 1639 508 1694; x_wconf 91' lang='grc'>6,</span> <span class='ocrx_word' id='word_1_191' title='bbox 521 1639 543 1686; x_wconf 90' lang='grc'>6.</span> <span class='ocrx_word' id='word_1_192' title='bbox 557 1640 628 1685; x_wconf 84' lang='lat' dir='ltr'>etiam</span> <span class='ocrx_word' id='word_1_193' title='bbox 640 1640 684 1686; x_wconf 88' lang='lat' dir='ltr'>boc</span> <span class='ocrx_word' id='word_1_194' title='bbox 693 1640 788 1697; x_wconf 83' lang='lat' dir='ltr'>docens,</span> <span class='ocrx_word' id='word_1_195' title='bbox 796 1640 827 1697; x_wconf 73' lang='lat' dir='ltr'>fit</span> <span class='ocrx_word' id='word_1_196' title='bbox 838 1654 865 1685; x_wconf 86' lang='lat' dir='ltr'>ea</span> <span class='ocrx_word' id='word_1_197' title='bbox 879 1642 903 1684; x_wconf 88' lang='lat' dir='ltr'>in</span> <span class='ocrx_word' id='word_1_198' title='bbox 917 1640 972 1684; x_wconf 90' lang='lat' dir='ltr'>aliis</span> <span class='ocrx_word' id='word_1_199' title='bbox 987 1640 1069 1693; x_wconf 80' lang='lat' dir='ltr'>brevis,</span> <span class='ocrx_word' id='word_1_200' title='bbox 1086 1640 1110 1683; x_wconf 87' lang='lat' dir='ltr'>in</span> 
     </span>
    </p>
   </div>
   <div class='ocr_carea' id='block_1_4' title="bbox 163 1700 1111 1878">
    <p class='ocr_par' dir='ltr' id='par_1_5' title="bbox 163 1700 1111 1878">
     <span class='ocr_line' id='line_1_22' title="bbox 163 1700 1111 1765; baseline 0 -17"><span class='ocrx_word' id='word_1_201' title='bbox 163 1703 219 1748; x_wconf 87' lang='lat' dir='ltr'>aliis</span> <span class='ocrx_word' id='word_1_202' title='bbox 236 1703 342 1764; x_wconf 81' lang='lat' dir='ltr'>languet</span> <span class='ocrx_word' id='word_1_203' title='bbox 359 1720 409 1765; x_wconf 71' lang='lat' dir='ltr'>quse</span> <span class='ocrx_word' id='word_1_204' title='bbox 425 1707 464 1752; x_wconf 78' lang='lat' dir='ltr'>oie</span> <span class='ocrx_word' id='word_1_205' title='bbox 480 1720 577 1765; x_wconf 83' lang='lat' dir='ltr'>anquam</span> <span class='ocrx_word' id='word_1_206' title='bbox 588 1700 869 1765; x_wconf 77' lang='lat' dir='ltr'>finiatur).—[sorinia]</span> <span class='ocrx_word' id='word_1_207' title='bbox 889 1704 976 1762; x_wconf 87' lang='lat' dir='ltr'>Lepide</span> <span class='ocrx_word' id='word_1_208' title='bbox 994 1702 1111 1760; x_wconf 75' lang='lat' dir='ltr'>significat</span> 
     </span>
     <span class='ocr_line' id='line_1_23' title="bbox 163 1766 1111 1878; baseline 0 -66"><span class='ocrx_word' id='word_1_209' title='bbox 163 1766 300 1878; x_wconf 47' lang='lat' dir='ltr'>[lpgpgnum</span> <span class='ocrx_word' id='word_1_210' title='bbox 318 1777 366 1814; x_wconf 83' lang='lat' dir='ltr'>tots</span> <span class='ocrx_word' id='word_1_211' title='bbox 382 1769 468 1815; x_wconf 86' lang='lat' dir='ltr'>scrinis</span> <span class='ocrx_word' id='word_1_212' title='bbox 487 1768 599 1815; x_wconf 88' lang='lat' dir='ltr'>librorum</span> <span class='ocrx_word' id='word_1_213' title='bbox 617 1783 631 1815; x_wconf 86' lang='lat' dir='ltr'>a</span> <span class='ocrx_word' id='word_1_214' title='bbox 649 1784 674 1814; x_wconf 91' lang='lat' dir='ltr'>se</span> <span class='ocrx_word' id='word_1_215' title='bbox 693 1769 877 1829; x_wconf 84' lang='lat' dir='ltr'>conscriptorum</span> <span class='ocrx_word' id='word_1_216' title='bbox 895 1769 965 1828; x_wconf 86' lang='lat' dir='ltr'>plens</span> <span class='ocrx_word' id='word_1_217' title='bbox 984 1768 1049 1814; x_wconf 88' lang='lat' dir='ltr'>domi</span> <span class='ocrx_word' id='word_1_218' title='bbox 1068 1767 1111 1813; x_wconf 84' lang='lat' dir='ltr'>hs·</span> 
     </span>
    </p>
   </div>
   <div class='ocr_carea' id='block_1_5' title="bbox 124 1962 1137 2862">
    <p class='ocr_par' dir='ltr' id='par_1_6' title="bbox 366 1962 930 2076">
     <span class='ocr_line' id='line_1_24' title="bbox 545 1962 719 2011; baseline 0.006 -2"><span class='ocrx_word' id='word_1_219' title='bbox 545 1962 669 2011; x_wconf 71' lang='lat' dir='ltr'>stultis</span> <span class='ocrx_word' id='word_1_220' title='bbox 687 1964 719 2010; x_wconf 89' lang='lat'>11.</span> 
     </span>
     <span class='ocr_line' id='line_1_25' title="bbox 366 2051 930 2076; baseline 0.002 0"><span class='ocrx_word' id='word_1_221' title='bbox 366 2051 375 2076; x_wconf 87' lang='grc' dir='ltr'><em>Ι</em></span> <span class='ocrx_word' id='word_1_222' title='bbox 622 2051 625 2054; x_wconf 77' lang='grc'><strong><em>’</em></strong></span> <span class='ocrx_word' id='word_1_223' title='bbox 928 2057 930 2060; x_wconf 93' lang='grc'><strong>“</strong></span> 
     </span>
    </p>

    <p class='ocr_par' dir='ltr' id='par_1_7' title="bbox 124 2089 1137 2862">
     <span class='ocr_line' id='line_1_26' title="bbox 199 2089 1137 2153; baseline 0.001 -15"><span class='ocrx_word' id='word_1_224' title='bbox 199 2090 269 2138; x_wconf 79' lang='grc'><strong>1-3.</strong></span> <span class='ocrx_word' id='word_1_225' title='bbox 286 2089 492 2153; x_wconf 75' lang='lat' dir='ltr'>[Ambubaiarum]</span> <span class='ocrx_word' id='word_1_226' title='bbox 509 2091 662 2138; x_wconf 77' lang='lat' dir='ltr'>‘Ambubaise</span> <span class='ocrx_word' id='word_1_227' title='bbox 679 2093 790 2140; x_wconf 90' lang='lat' dir='ltr'>dicuntur</span> <span class='ocrx_word' id='word_1_228' title='bbox 806 2093 916 2140; x_wconf 87' lang='lat' dir='ltr'>mulieres</span> <span class='ocrx_word' id='word_1_229' title='bbox 933 2092 1042 2139; x_wconf 85' lang='lat' dir='ltr'>tibicines</span> <span class='ocrx_word' id='word_1_230' title='bbox 1060 2092 1107 2139; x_wconf 88' lang='lat' dir='ltr'>lin·</span> <span class='ocrx_word' id='word_1_231' title='bbox 1132 2107 1137 2114; x_wconf 95' lang='lat'><em>·</em></span> 
     </span>
     <span class='ocr_line' id='line_1_27' title="bbox 163 2155 1108 2221; baseline 0.001 -19"><span class='ocrx_word' id='word_1_232' title='bbox 163 2157 212 2214; x_wconf 80' lang='lat' dir='ltr'>gui</span> <span class='ocrx_word' id='word_1_233' title='bbox 224 2158 336 2216; x_wconf 83' lang='lat' dir='ltr'>Syrorum</span> <span class='ocrx_word' id='word_1_234' title='bbox 348 2171 361 2202; x_wconf 87' lang='lat' dir='ltr'>a</span> <span class='ocrx_word' id='word_1_235' title='bbox 372 2171 392 2202; x_wconf 87' lang='lat' dir='ltr'>v.</span> <span class='ocrx_word' id='word_1_236' title='bbox 405 2158 473 2213; x_wconf 87' lang='lat' dir='ltr'>abab,</span> <span class='ocrx_word' id='word_1_237' title='bbox 489 2159 579 2213; x_wconf 86' lang='lat' dir='ltr'>ambab,</span> <span class='ocrx_word' id='word_1_238' title='bbox 591 2158 663 2204; x_wconf 64' lang='lat' dir='ltr'>riuis}</span> <span class='ocrx_word' id='word_1_239' title='bbox 679 2155 919 2221; x_wconf 76' lang='lat' dir='ltr'>Scbol.—[collegia]</span> <span class='ocrx_word' id='word_1_240' title='bbox 935 2160 1023 2218; x_wconf 84' lang='lat' dir='ltr'>jocose,</span> <span class='ocrx_word' id='word_1_241' title='bbox 1040 2156 1108 2217; x_wconf 83' lang='lat' dir='ltr'>quasi</span> 
     </span>
     <span class='ocr_line' id='line_1_28' title="bbox 165 2221 1108 2284; baseline 0.001 -18"><span class='ocrx_word' id='word_1_242' title='bbox 165 2221 248 2267; x_wconf 84' lang='lat' dir='ltr'>irarum</span> <span class='ocrx_word' id='word_1_243' title='bbox 267 2221 455 2268; x_wconf 82' lang='lat' dir='ltr'>muliercularum</span> <span class='ocrx_word' id='word_1_244' title='bbox 473 2237 563 2280; x_wconf 81' lang='lat' dir='ltr'>greges,</span> <span class='ocrx_word' id='word_1_245' title='bbox 581 2222 666 2282; x_wconf 90' lang='lat' dir='ltr'>quibus</span> <span class='ocrx_word' id='word_1_246' title='bbox 685 2232 801 2284; x_wconf 68' lang='lat' dir='ltr'>praeerant</span> <span class='ocrx_word' id='word_1_247' title='bbox 817 2225 920 2279; x_wconf 81' lang='lat' dir='ltr'>lenones,</span> <span class='ocrx_word' id='word_1_248' title='bbox 938 2232 1016 2269; x_wconf 86' lang='lat' dir='ltr'>essent</span> <span class='ocrx_word' id='word_1_249' title='bbox 1031 2237 1062 2267; x_wconf 86' lang='lat' dir='ltr'>ex</span> <span class='ocrx_word' id='word_1_250' title='bbox 1079 2222 1108 2268; x_wconf 91' lang='lat' dir='ltr'>iis</span> 
     </span>
     <span class='ocr_line' id='line_1_29' title="bbox 163 2287 1109 2349; baseline 0.001 -17"><span class='ocrx_word' id='word_1_251' title='bbox 163 2287 269 2344; x_wconf 74' lang='lat' dir='ltr'>collegiis</span> <span class='ocrx_word' id='word_1_252' title='bbox 279 2303 297 2332; x_wconf 90' lang='lat' dir='ltr'>s.</span> <span class='ocrx_word' id='word_1_253' title='bbox 309 2287 425 2334; x_wconf 72' lang='lat' dir='ltr'>sodaliciis</span> <span class='ocrx_word' id='word_1_254' title='bbox 439 2287 573 2343; x_wconf 83' lang='lat' dir='ltr'><em>QUIBUS,</em></span> <span class='ocrx_word' id='word_1_255' title='bbox 590 2297 616 2334; x_wconf 90' lang='lat' dir='ltr'>ut</span> <span class='ocrx_word' id='word_1_256' title='bbox 629 2297 666 2334; x_wconf 86' lang='lat' dir='ltr'>est</span> <span class='ocrx_word' id='word_1_257' title='bbox 676 2287 701 2333; x_wconf 89' lang='lat' dir='ltr'>in</span> <span class='ocrx_word' id='word_1_258' title='bbox 713 2288 840 2349; x_wconf 72' lang='lat' dir='ltr'>inscripti,</span> <span class='ocrx_word' id='word_1_259' title='bbox 854 2289 901 2335; x_wconf 79' lang='lat' dir='ltr'>EX</span> <span class='ocrx_word' id='word_1_260' title='bbox 919 2289 942 2334; x_wconf 86' lang='lat' dir='ltr'>S.</span> <span class='ocrx_word' id='word_1_261' title='bbox 962 2289 987 2334; x_wconf 84' lang='lat' dir='ltr'>C.</span> <span class='ocrx_word' id='word_1_262' title='bbox 1007 2287 1109 2334; x_wconf 79' lang='lat' dir='ltr'>conte</span> 
     </span>
     <span class='ocr_line' id='line_1_30' title="bbox 164 2349 1109 2414; baseline 0 -18"><span class='ocrx_word' id='word_1_263' title='bbox 164 2349 574 2414; x_wconf 81' lang='lat' dir='ltr'>LICEBAT.—[pbarmacopolae]</span> <span class='ocrx_word' id='word_1_264' title='bbox 592 2353 755 2399; x_wconf 75' lang='lat' dir='ltr'>circulatorum</span> <span class='ocrx_word' id='word_1_265' title='bbox 772 2367 854 2410; x_wconf 86' lang='lat' dir='ltr'>genus,</span> <span class='ocrx_word' id='word_1_266' title='bbox 869 2355 898 2398; x_wconf 89' lang='lat' dir='ltr'>de</span> <span class='ocrx_word' id='word_1_267' title='bbox 913 2367 960 2412; x_wconf 93' lang='lat' dir='ltr'>quo</span> <span class='ocrx_word' id='word_1_268' title='bbox 971 2353 1031 2398; x_wconf 85' lang='lat' dir='ltr'>Ceto</span> <span class='ocrx_word' id='word_1_269' title='bbox 1045 2353 1109 2411; x_wconf 82' lang='lat' dir='ltr'>apud</span> 
     </span>
     <span class='ocr_line' id='line_1_31' title="bbox 124 2415 1108 2479; baseline 0.004 -20"><span class='ocrx_word' id='word_1_270' title='bbox 124 2443 128 2454; x_wconf 89' lang='lat'>.</span> <span class='ocrx_word' id='word_1_271' title='bbox 165 2415 227 2461; x_wconf 86' lang='lat' dir='ltr'>Geli.</span> <span class='ocrx_word' id='word_1_272' title='bbox 241 2415 262 2470; x_wconf 91' lang='lat'>1,</span> <span class='ocrx_word' id='word_1_273' title='bbox 276 2415 313 2470; x_wconf 79' lang='lat'>15,</span> <span class='ocrx_word' id='word_1_274' title='bbox 330 2417 363 2462; x_wconf 88' lang='lat' dir='ltr'>M.</span> <span class='ocrx_word' id='word_1_275' title='bbox 377 2418 471 2464; x_wconf 70' lang='lat' dir='ltr'>Coelium</span> <span class='ocrx_word' id='word_1_276' title='bbox 487 2420 580 2472; x_wconf 87' lang='lat' dir='ltr'>auditis,</span> <span class='ocrx_word' id='word_1_277' title='bbox 599 2434 642 2464; x_wconf 86' lang='lat' dir='ltr'>non</span> <span class='ocrx_word' id='word_1_278' title='bbox 658 2418 802 2472; x_wconf 83' lang='lat' dir='ltr'>auscultatis,</span> <span class='ocrx_word' id='word_1_279' title='bbox 818 2425 932 2479; x_wconf 86' lang='lat' dir='ltr'>tamquam</span> <span class='ocrx_word' id='word_1_280' title='bbox 945 2419 1108 2477; x_wconf 78' lang='lat' dir='ltr'>pharmaco·</span> 
     </span>
     <span class='ocr_line' id='line_1_32' title="bbox 161 2480 1110 2543; baseline 0.004 -19"><span class='ocrx_word' id='word_1_281' title='bbox 161 2480 268 2539; x_wconf 77' lang='lat' dir='ltr'>polam:</span> <span class='ocrx_word' id='word_1_282' title='bbox 285 2496 336 2526; x_wconf 85' lang='lat' dir='ltr'>uam</span> <span class='ocrx_word' id='word_1_283' title='bbox 347 2480 396 2541; x_wconf 85' lang='lat' dir='ltr'>ejas</span> <span class='ocrx_word' id='word_1_284' title='bbox 406 2484 475 2528; x_wconf 83' lang='lat' dir='ltr'>uerba</span> <span class='ocrx_word' id='word_1_285' title='bbox 485 2485 618 2539; x_wconf 84' lang='lat' dir='ltr'>audiuntur,</span> <span class='ocrx_word' id='word_1_286' title='bbox 634 2498 710 2530; x_wconf 84' lang='lat' dir='ltr'>reram</span> <span class='ocrx_word' id='word_1_287' title='bbox 720 2484 743 2529; x_wconf 92' lang='lat' dir='ltr'>ei</span> <span class='ocrx_word' id='word_1_288' title='bbox 753 2497 778 2529; x_wconf 85' lang='lat' dir='ltr'>ss</span> <span class='ocrx_word' id='word_1_289' title='bbox 788 2498 851 2530; x_wconf 86' lang='lat' dir='ltr'>nemo</span> <span class='ocrx_word' id='word_1_290' title='bbox 864 2484 991 2537; x_wconf 79' lang='lat' dir='ltr'>committit,</span> <span class='ocrx_word' id='word_1_291' title='bbox 1010 2484 1032 2527; x_wconf 91' lang='lat' dir='ltr'>si</span> <span class='ocrx_word' id='word_1_292' title='bbox 1048 2496 1110 2543; x_wconf 73' lang='lat' dir='ltr'>teger</span> 
     </span>
     <span class='ocr_line' id='line_1_33' title="bbox 164 2541 1110 2608; baseline 0.002 -19"><span class='ocrx_word' id='word_1_293' title='bbox 164 2541 387 2606; x_wconf 67' lang='lat' dir='ltr'>est—[Mendai]</span> <span class='ocrx_word' id='word_1_294' title='bbox 411 2546 526 2592; x_wconf 87' lang='lat' dir='ltr'>Videntur</span> <span class='ocrx_word' id='word_1_295' title='bbox 545 2547 637 2603; x_wconf 83' lang='lat' dir='ltr'>harioli,</span> <span class='ocrx_word' id='word_1_296' title='bbox 656 2547 732 2600; x_wconf 83' lang='lat' dir='ltr'>Isisci,</span> <span class='ocrx_word' id='word_1_297' title='bbox 752 2547 822 2601; x_wconf 82' lang='lat' dir='ltr'>Galli,</span> <span class='ocrx_word' id='word_1_298' title='bbox 841 2545 952 2608; x_wconf 82' lang='lat' dir='ltr'>(Cybeles</span> <span class='ocrx_word' id='word_1_299' title='bbox 968 2547 1110 2601; x_wconf 83' lang='lat' dir='ltr'>secerdotes,</span> 
     </span>
     <span class='ocr_line' id='line_1_34' title="bbox 164 2605 1110 2673; baseline 0.002 -19"><span class='ocrx_word' id='word_1_300' title='bbox 164 2605 360 2671; x_wconf 62' lang='grc' dir='ltr'>μητραγύρτου),</span> <span class='ocrx_word' id='word_1_301' title='bbox 371 2610 466 2656; x_wconf 71' lang='lat' dir='ltr'>itrrtusse</span> <span class='ocrx_word' id='word_1_302' title='bbox 475 2611 545 2658; x_wconf 84' lang='lat' dir='ltr'>etiam</span> <span class='ocrx_word' id='word_1_303' title='bbox 553 2612 675 2658; x_wconf 77' lang='lat' dir='ltr'>ludaei-</span> <span class='ocrx_word' id='word_1_304' title='bbox 682 2608 779 2673; x_wconf 71' lang='lat' dir='ltr'>[mima]</span> <span class='ocrx_word' id='word_1_305' title='bbox 792 2612 945 2658; x_wconf 78' lang='lat' dir='ltr'>‘mulierculis</span> <span class='ocrx_word' id='word_1_306' title='bbox 955 2610 1110 2669; x_wconf 83' lang='lat' dir='ltr'>gesticulsriss</span> 
     </span>
     <span class='ocr_line' id='line_1_35' title="bbox 165 2672 1111 2738; baseline 0.003 -21"><span class='ocrx_word' id='word_1_307' title='bbox 165 2673 190 2717; x_wconf 92' lang='lat' dir='ltr'>in</span> <span class='ocrx_word' id='word_1_308' title='bbox 208 2673 285 2719; x_wconf 87' lang='lat' dir='ltr'>mimis</span> <span class='ocrx_word' id='word_1_309' title='bbox 302 2685 326 2719; x_wconf 88' lang='lat' dir='ltr'>et</span> <span class='ocrx_word' id='word_1_310' title='bbox 343 2675 506 2732; x_wconf 79' lang='lat' dir='ltr'>saltatricule,’</span> <span class='ocrx_word' id='word_1_311' title='bbox 519 2685 545 2721; x_wconf 89' lang='lat' dir='ltr'>ut</span> <span class='ocrx_word' id='word_1_312' title='bbox 562 2676 595 2722; x_wconf 87' lang='lat' dir='ltr'>ait</span> <span class='ocrx_word' id='word_1_313' title='bbox 607 2677 667 2723; x_wconf 88' lang='lat' dir='ltr'>Geli.</span> <span class='ocrx_word' id='word_1_314' title='bbox 683 2675 703 2732; x_wconf 91' lang='grc'>1,</span> <span class='ocrx_word' id='word_1_315' title='bbox 715 2674 738 2722; x_wconf 85' lang='lat' dir='ltr'>b.</span> <span class='ocrx_word' id='word_1_316' title='bbox 747 2701 778 2710; x_wconf 92' lang='lat'>-</span> <span class='ocrx_word' id='word_1_317' title='bbox 787 2672 940 2738; x_wconf 80' lang='lat' dir='ltr'>[balatrones]</span> <span class='ocrx_word' id='word_1_318' title='bbox 958 2676 1111 2721; x_wconf 84' lang='lat' dir='ltr'>‘Balatrones</span> 
     </span>
     <span class='ocr_line' id='line_1_36' title="bbox 164 2737 1111 2800; baseline 0.002 -18"><span class='ocrx_word' id='word_1_319' title='bbox 164 2745 190 2782; x_wconf 87' lang='lat' dir='ltr'>et</span> <span class='ocrx_word' id='word_1_320' title='bbox 200 2737 288 2784; x_wconf 86' lang='lat' dir='ltr'>blatess</span> <span class='ocrx_word' id='word_1_321' title='bbox 300 2739 374 2784; x_wconf 85' lang='lat' dir='ltr'>bullas</span> <span class='ocrx_word' id='word_1_322' title='bbox 389 2741 432 2786; x_wconf 90' lang='lat' dir='ltr'>luti</span> <span class='ocrx_word' id='word_1_323' title='bbox 448 2755 477 2786; x_wconf 82' lang='lat' dir='ltr'>es</span> <span class='ocrx_word' id='word_1_324' title='bbox 493 2740 617 2786; x_wconf 86' lang='lat' dir='ltr'>itineribus</span> <span class='ocrx_word' id='word_1_325' title='bbox 631 2751 672 2786; x_wconf 91' lang='lat' dir='ltr'>sut</span> <span class='ocrx_word' id='word_1_326' title='bbox 687 2742 751 2800; x_wconf 90' lang='lat' dir='ltr'>quod</span> <span class='ocrx_word' id='word_1_327' title='bbox 767 2742 797 2788; x_wconf 90' lang='lat' dir='ltr'>de</span> <span class='ocrx_word' id='word_1_328' title='bbox 812 2743 1024 2787; x_wconf 76' lang='lat' dir='ltr'>calceamentorum</span> <span class='ocrx_word' id='word_1_329' title='bbox 1041 2740 1111 2786; x_wconf 89' lang='lat' dir='ltr'>soleis</span> 
     </span>
     <span class='ocr_line' id='line_1_37' title="bbox 165 2801 1111 2862; baseline 0.003 -16"><span class='ocrx_word' id='word_1_330' title='bbox 165 2801 276 2855; x_wconf 85' lang='lat' dir='ltr'>eraditur,</span> <span class='ocrx_word' id='word_1_331' title='bbox 288 2805 451 2862; x_wconf 77' lang='lat' dir='ltr'>appeltabsns’</span> <span class='ocrx_word' id='word_1_332' title='bbox 470 2805 559 2852; x_wconf 79' lang='lat' dir='ltr'>Fertur.</span> <span class='ocrx_word' id='word_1_333' title='bbox 589 2807 622 2851; x_wconf 88' lang='lat' dir='ltr'>Ut</span> <span class='ocrx_word' id='word_1_334' title='bbox 632 2806 709 2851; x_wconf 91' lang='lat' dir='ltr'>lutum</span> <span class='ocrx_word' id='word_1_335' title='bbox 720 2806 811 2862; x_wconf 84' lang='lat' dir='ltr'>calceis,</span> <span class='ocrx_word' id='word_1_336' title='bbox 823 2806 856 2851; x_wconf 91' lang='lat' dir='ltr'>sic</span> <span class='ocrx_word' id='word_1_337' title='bbox 868 2806 892 2851; x_wconf 88' lang='lat' dir='ltr'>bi</span> <span class='ocrx_word' id='word_1_338' title='bbox 901 2821 987 2851; x_wconf 80' lang='lat' dir='ltr'>scurrus</span> <span class='ocrx_word' id='word_1_339' title='bbox 998 2805 1111 2851; x_wconf 83' lang='lat' dir='ltr'>divitibus</span> 
     </span>
    </p>
   </div>
   <div class='ocr_carea' id='block_1_6' title="bbox 165 2864 1210 3059">
    <p class='ocr_par' dir='ltr' id='par_1_8' title="bbox 165 2864 1210 3059">
     <span class='ocr_line' id='line_1_38' title="bbox 165 2864 1210 2931; baseline 0.004 -23"><span class='ocrx_word' id='word_1_340' title='bbox 165 2866 203 2911; x_wconf 83' lang='lat' dir='ltr'>vel</span> <span class='ocrx_word' id='word_1_341' title='bbox 213 2864 292 2911; x_wconf 87' lang='lat' dir='ltr'>invitis</span> <span class='ocrx_word' id='word_1_342' title='bbox 303 2869 430 2916; x_wconf 60' lang='lat' dir='ltr'>adimerent.</span> <span class='ocrx_word' id='word_1_343' title='bbox 439 2894 472 2903; x_wconf 89' lang='lat'>—</span> <span class='ocrx_word' id='word_1_344' title='bbox 481 2867 591 2931; x_wconf 80' lang='lat' dir='ltr'>[Tigelli]</span> <span class='ocrx_word' id='word_1_345' title='bbox 612 2871 746 2917; x_wconf 81' lang='lat' dir='ltr'>Breuiorem</span> <span class='ocrx_word' id='word_1_346' title='bbox 762 2870 858 2929; x_wconf 79' lang='lat' dir='ltr'>genitivi</span> <span class='ocrx_word' id='word_1_347' title='bbox 875 2870 974 2916; x_wconf 82' lang='lat' dir='ltr'>formam</span> <span class='ocrx_word' id='word_1_348' title='bbox 987 2870 1112 2915; x_wconf 84' lang='lat' dir='ltr'>nominum</span> <span class='ocrx_word' id='word_1_349' title='bbox 1209 2868 1210 2911; x_wconf 66' lang='lat' dir='ltr'>l</span> 
     </span>
     <span class='ocr_line' id='line_1_39' title="bbox 165 2930 1210 2994; baseline 0.003 -18"><span class='ocrx_word' id='word_1_350' title='bbox 165 2930 190 2976; x_wconf 91' lang='lat' dir='ltr'>in</span> <span class='ocrx_word' id='word_1_351' title='bbox 198 2932 243 2985; x_wconf 84' lang='lat' dir='ltr'>ias,</span> <span class='ocrx_word' id='word_1_352' title='bbox 252 2933 306 2985; x_wconf 87' lang='lat' dir='ltr'>ium,</span> <span class='ocrx_word' id='word_1_353' title='bbox 316 2934 486 2994; x_wconf 86' lang='lat' dir='ltr'>redusi,quum</span> <span class='ocrx_word' id='word_1_354' title='bbox 493 2934 549 2981; x_wconf 88' lang='lat' dir='ltr'>satis</span> <span class='ocrx_word' id='word_1_355' title='bbox 558 2944 649 2982; x_wconf 86' lang='lat' dir='ltr'>constet</span> <span class='ocrx_word' id='word_1_356' title='bbox 657 2949 709 2981; x_wconf 88' lang='lat' dir='ltr'>eam</span> <span class='ocrx_word' id='word_1_357' title='bbox 716 2936 814 2981; x_wconf 83' lang='lat' dir='ltr'>sormam</span> <span class='ocrx_word' id='word_1_358' title='bbox 821 2945 875 2981; x_wconf 87' lang='lat' dir='ltr'>ante</span> <span class='ocrx_word' id='word_1_359' title='bbox 885 2939 965 2980; x_wconf 79' lang='lat' dir='ltr'>Oetes.</span> <span class='ocrx_word' id='word_1_360' title='bbox 977 2937 1113 2993; x_wconf 85' lang='lat' dir='ltr'>Augustum</span> <span class='ocrx_word' id='word_1_361' title='bbox 1209 2954 1210 2957; x_wconf 41' lang='lat'>¹</span> 
     </span>
     <span class='ocr_line' id='line_1_40' title="bbox 165 2995 1210 3059; baseline 0.003 -18"><span class='ocrx_word' id='word_1_362' title='bbox 165 2996 326 3056; x_wconf 77' lang='lat' dir='ltr'>pervulgatum</span> <span class='ocrx_word' id='word_1_363' title='bbox 345 2996 425 3045; x_wconf 81' lang='lat' dir='ltr'>fuisse.</span> <span class='ocrx_word' id='word_1_364' title='bbox 459 3000 589 3045; x_wconf 78' lang='lat' dir='ltr'>Formicis</span> <span class='ocrx_word' id='word_1_365' title='bbox 608 3001 696 3059; x_wconf 85' lang='lat' dir='ltr'>duplex</span> <span class='ocrx_word' id='word_1_366' title='bbox 715 2995 866 3046; x_wconf 84' lang='lat' dir='ltr'>idesinentis</span> <span class='ocrx_word' id='word_1_367' title='bbox 884 3000 973 3058; x_wconf 88' lang='lat' dir='ltr'>primus</span> <span class='ocrx_word' id='word_1_368' title='bbox 991 3013 1074 3044; x_wconf 79' lang='lat' dir='ltr'>suasor</span> <span class='ocrx_word' id='word_1_369' title='bbox 1090 3007 1114 3043; x_wconf 89' lang='lat' dir='ltr'>et</span> <span class='ocrx_word' id='word_1_370' title='bbox 1209 3030 1210 3037; x_wconf 23' lang='grc' dir='ltr'><strong>κ</strong></span> 
     </span>
    </p>
   </div>
   <div class='ocr_carea' id='block_1_7' title="bbox 165 3061 1114 3383">
    <p class='ocr_par' dir='ltr' id='par_1_9' title="bbox 165 3061 1114 3383">
     <span class='ocr_line' id='line_1_41' title="bbox 165 3061 1114 3126; baseline 0.002 -20"><span class='ocrx_word' id='word_1_371' title='bbox 165 3061 340 3106; x_wconf 86' lang='lat' dir='ltr'>commendator</span> <span class='ocrx_word' id='word_1_372' title='bbox 350 3061 394 3106; x_wconf 79' lang='lat' dir='ltr'>fuit</span> <span class='ocrx_word' id='word_1_373' title='bbox 407 3064 460 3109; x_wconf 85' lang='lat' dir='ltr'>Ter.</span> <span class='ocrx_word' id='word_1_374' title='bbox 472 3064 551 3111; x_wconf 86' lang='lat' dir='ltr'>Varro.</span> <span class='ocrx_word' id='word_1_375' title='bbox 574 3064 756 3126; x_wconf 81' lang='lat' dir='ltr'>(KritsaiSal.</span> <span class='ocrx_word' id='word_1_376' title='bbox 770 3065 856 3119; x_wconf 58' lang='lat' dir='ltr'>caen,</span> <span class='ocrx_word' id='word_1_377' title='bbox 869 3064 905 3123; x_wconf 78' lang='lat'>³.)</span> <span class='ocrx_word' id='word_1_378' title='bbox 934 3064 984 3110; x_wconf 85' lang='lat' dir='ltr'>‘M.</span> <span class='ocrx_word' id='word_1_379' title='bbox 998 3064 1114 3122; x_wconf 81' lang='lat' dir='ltr'>Tigellius</span> 
     </span>
     <span class='ocr_line' id='line_1_42' title="bbox 166 3125 1113 3188; baseline 0.005 -19"><span class='ocrx_word' id='word_1_380' title='bbox 166 3125 269 3170; x_wconf 87' lang='lat' dir='ltr'>musicus</span> <span class='ocrx_word' id='word_1_381' title='bbox 286 3125 438 3184; x_wconf 84' lang='lat' dir='ltr'>peritissimus</span> <span class='ocrx_word' id='word_1_382' title='bbox 453 3127 549 3175; x_wconf 76' lang='lat' dir='ltr'>ettonis</span> <span class='ocrx_word' id='word_1_383' title='bbox 565 3130 660 3175; x_wconf 79' lang='lat' dir='ltr'>eximite</span> <span class='ocrx_word' id='word_1_384' title='bbox 670 3131 697 3176; x_wconf 83' lang='lat' dir='ltr'>C.</span> <span class='ocrx_word' id='word_1_385' title='bbox 709 3130 796 3177; x_wconf 66' lang='lat' dir='ltr'>Caesari</span> <span class='ocrx_word' id='word_1_386' title='bbox 813 3129 921 3175; x_wconf 85' lang='lat' dir='ltr'>dictatori</span> <span class='ocrx_word' id='word_1_387' title='bbox 937 3138 961 3174; x_wconf 93' lang='lat' dir='ltr'>et</span> <span class='ocrx_word' id='word_1_388' title='bbox 978 3140 1031 3188; x_wconf 90' lang='lat' dir='ltr'>pust</span> <span class='ocrx_word' id='word_1_389' title='bbox 1043 3129 1113 3174; x_wconf 85' lang='lat' dir='ltr'>Cleo·</span> 
     </span>
     <span class='ocr_line' id='line_1_43' title="bbox 166 3190 1114 3253; baseline 0.002 -18"><span class='ocrx_word' id='word_1_390' title='bbox 166 3200 239 3250; x_wconf 78' lang='lat' dir='ltr'>patrae</span> <span class='ocrx_word' id='word_1_391' title='bbox 257 3190 438 3249; x_wconf 82' lang='lat' dir='ltr'>acceptissimus,</span> <span class='ocrx_word' id='word_1_392' title='bbox 457 3193 584 3239; x_wconf 85' lang='lat' dir='ltr'>Octaviano</span> <span class='ocrx_word' id='word_1_393' title='bbox 603 3209 696 3253; x_wconf 90' lang='lat' dir='ltr'>quoque</span> <span class='ocrx_word' id='word_1_394' title='bbox 716 3195 802 3240; x_wconf 75' lang='lat' dir='ltr'>cesari</span> <span class='ocrx_word' id='word_1_395' title='bbox 821 3194 983 3248; x_wconf 81' lang='lat' dir='ltr'>amicissimus,</span> <span class='ocrx_word' id='word_1_396' title='bbox 1003 3192 1114 3250; x_wconf 88' lang='lat' dir='ltr'>eoquod</span> 
     </span>
     <span class='ocr_line' id='line_1_44' title="bbox 167 3255 1114 3316; baseline 0.004 -18"><span class='ocrx_word' id='word_1_397' title='bbox 167 3255 235 3300; x_wconf 89' lang='lat' dir='ltr'>dulce</span> <span class='ocrx_word' id='word_1_398' title='bbox 246 3263 340 3300; x_wconf 90' lang='lat' dir='ltr'>caneret</span> <span class='ocrx_word' id='word_1_399' title='bbox 350 3264 374 3299; x_wconf 90' lang='lat' dir='ltr'>et</span> <span class='ocrx_word' id='word_1_400' title='bbox 386 3259 473 3301; x_wconf 81' lang='lat' dir='ltr'>urbane</span> <span class='ocrx_word' id='word_1_401' title='bbox 482 3258 606 3316; x_wconf 69' lang='lat' dir='ltr'>iuraretur,</span> <span class='ocrx_word' id='word_1_402' title='bbox 623 3259 682 3304; x_wconf 78' lang='lat' dir='ltr'>adeo</span> <span class='ocrx_word' id='word_1_403' title='bbox 694 3267 720 3304; x_wconf 86' lang='lat' dir='ltr'>ut</span> <span class='ocrx_word' id='word_1_404' title='bbox 730 3259 791 3304; x_wconf 88' lang='lat' dir='ltr'>inter</span> <span class='ocrx_word' id='word_1_405' title='bbox 802 3259 928 3304; x_wconf 80' lang='lat' dir='ltr'>familiares</span> <span class='ocrx_word' id='word_1_406' title='bbox 939 3267 963 3303; x_wconf 88' lang='lat' dir='ltr'>et</span> <span class='ocrx_word' id='word_1_407' title='bbox 974 3257 1114 3303; x_wconf 86' lang='lat' dir='ltr'>domesticos</span> 
     </span>
     <span class='ocr_line' id='line_1_45' title="bbox 167 3317 1114 3383; baseline 0.005 -20"><span class='ocrx_word' id='word_1_408' title='bbox 167 3317 308 3366; x_wconf 68' lang='lat' dir='ltr'>haberetur!</span> <span class='ocrx_word' id='word_1_409' title='bbox 328 3321 409 3365; x_wconf 71' lang='lat' dir='ltr'>comm.</span> <span class='ocrx_word' id='word_1_410' title='bbox 428 3322 496 3381; x_wconf 83' lang='lat' dir='ltr'>Craq.</span> <span class='ocrx_word' id='word_1_411' title='bbox 530 3322 565 3367; x_wconf 90' lang='lat' dir='ltr'>De</span> <span class='ocrx_word' id='word_1_412' title='bbox 582 3324 627 3368; x_wconf 86' lang='lat' dir='ltr'>hoc</span> <span class='ocrx_word' id='word_1_413' title='bbox 643 3324 743 3382; x_wconf 77' lang='lat' dir='ltr'>Tigellio</span> <span class='ocrx_word' id='word_1_414' title='bbox 761 3324 809 3370; x_wconf 84' lang='lat' dir='ltr'>Cic.</span> <span class='ocrx_word' id='word_1_415' title='bbox 826 3325 857 3369; x_wconf 89' lang='lat' dir='ltr'>ad</span> <span class='ocrx_word' id='word_1_416' title='bbox 874 3323 940 3369; x_wconf 79' lang='lat' dir='ltr'>Fam.</span> <span class='ocrx_word' id='word_1_417' title='bbox 956 3321 979 3377; x_wconf 83' lang='grc'>7,</span> <span class='ocrx_word' id='word_1_418' title='bbox 996 3323 1036 3377; x_wconf 77' lang='lat'>24,</span> <span class='ocrx_word' id='word_1_419' title='bbox 1056 3323 1114 3383; x_wconf 80' lang='lat' dir='ltr'>Cog-</span> 
     </span>
    </p>
   </div>
   <div class='ocr_carea' id='block_1_8' title="bbox 167 3386 1209 3450">
    <p class='ocr_par' dir='ltr' id='par_1_10' title="bbox 167 3386 1209 3450">
     <span class='ocr_line' id='line_1_46' title="bbox 167 3386 1209 3450; baseline 0.008 -24"><span class='ocrx_word' id='word_1_420' title='bbox 167 3386 226 3428; x_wconf 86' lang='lat' dir='ltr'>nosti</span> <span class='ocrx_word' id='word_1_421' title='bbox 237 3400 308 3430; x_wconf 83' lang='lat' dir='ltr'>neam</span> <span class='ocrx_word' id='word_1_422' title='bbox 319 3399 410 3430; x_wconf 87' lang='lat' dir='ltr'>oausam</span> <span class='ocrx_word' id='word_1_423' title='bbox 421 3391 443 3431; x_wconf 87' lang='lat' dir='ltr'>el</span> <span class='ocrx_word' id='word_1_424' title='bbox 455 3387 521 3430; x_wconf 83' lang='lat' dir='ltr'>istius</span> <span class='ocrx_word' id='word_1_425' title='bbox 531 3388 644 3433; x_wconf 85' lang='lat' dir='ltr'>salaconis</span> <span class='ocrx_word' id='word_1_426' title='bbox 654 3390 807 3450; x_wconf 85' lang='lat' dir='ltr'>iniquitatem.</span> <span class='ocrx_word' id='word_1_427' title='bbox 842 3390 927 3435; x_wconf 87' lang='lat' dir='ltr'>Sardos</span> <span class='ocrx_word' id='word_1_428' title='bbox 934 3390 1004 3434; x_wconf 84' lang='lat' dir='ltr'>babes</span> <span class='ocrx_word' id='word_1_429' title='bbox 1015 3389 1115 3442; x_wconf 81' lang='lat' dir='ltr'>venales,</span> <span class='ocrx_word' id='word_1_430' title='bbox 1208 3422 1209 3427; x_wconf 62' lang='lat'>,</span> 
     </span>
    </p>
   </div>
   <div class='ocr_carea' id='block_1_9' title="bbox 166 3447 1117 3707">
    <p class='ocr_par' dir='ltr' id='par_1_11' title="bbox 166 3447 1116 3576">
     <span class='ocr_line' id='line_1_47' title="bbox 166 3447 1115 3513; baseline 0.006 -23"><span class='ocrx_word' id='word_1_431' title='bbox 166 3447 236 3492; x_wconf 83' lang='lat' dir='ltr'>alium</span> <span class='ocrx_word' id='word_1_432' title='bbox 247 3451 293 3495; x_wconf 86' lang='lat' dir='ltr'>olio</span> <span class='ocrx_word' id='word_1_433' title='bbox 304 3452 432 3510; x_wconf 82' lang='lat' dir='ltr'>nequiorem</span> <span class='ocrx_word' id='word_1_434' title='bbox 443 3457 487 3494; x_wconf 88' lang='lat' dir='ltr'>cet.</span> <span class='ocrx_word' id='word_1_435' title='bbox 505 3449 629 3496; x_wconf 83' lang='lat' dir='ltr'>Diversum</span> <span class='ocrx_word' id='word_1_436' title='bbox 642 3453 704 3498; x_wconf 89' lang='lat' dir='ltr'>hunc</span> <span class='ocrx_word' id='word_1_437' title='bbox 714 3455 824 3513; x_wconf 82' lang='lat' dir='ltr'>maJ&#39;orem</span> <span class='ocrx_word' id='word_1_438' title='bbox 836 3453 961 3511; x_wconf 88' lang='lat' dir='ltr'>Tigellium</span> <span class='ocrx_word' id='word_1_439' title='bbox 973 3467 1025 3498; x_wconf 91' lang='lat' dir='ltr'>esse</span> <span class='ocrx_word' id='word_1_440' title='bbox 1034 3455 1063 3498; x_wconf 85' lang='lat' dir='ltr'>ab</span> <span class='ocrx_word' id='word_1_441' title='bbox 1074 3452 1115 3498; x_wconf 83' lang='lat' dir='ltr'>Ti·</span> 
     </span>
     <span class='ocr_line' id='line_1_48' title="bbox 167 3511 1116 3576; baseline 0.008 -23"><span class='ocrx_word' id='word_1_442' title='bbox 167 3511 238 3567; x_wconf 86' lang='lat' dir='ltr'>gellio</span> <span class='ocrx_word' id='word_1_443' title='bbox 248 3514 394 3572; x_wconf 77' lang='lat' dir='ltr'>Hermogene</span> <span class='ocrx_word' id='word_1_444' title='bbox 402 3515 569 3560; x_wconf 86' lang='lat' dir='ltr'>demonstravit</span> <span class='ocrx_word' id='word_1_445' title='bbox 578 3516 754 3562; x_wconf 85' lang='lat' dir='ltr'>Kircbuerusin</span> <span class='ocrx_word' id='word_1_446' title='bbox 763 3518 861 3568; x_wconf 80' lang='lat' dir='ltr'>Quaestt.</span> <span class='ocrx_word' id='word_1_447' title='bbox 874 3519 955 3562; x_wconf 85' lang='lat' dir='ltr'>Horat.</span> <span class='ocrx_word' id='word_1_448' title='bbox 967 3532 990 3576; x_wconf 93' lang='lat' dir='ltr'>p.</span> <span class='ocrx_word' id='word_1_449' title='bbox 1000 3517 1039 3568; x_wconf 77' lang='grc'>42,</span> <span class='ocrx_word' id='word_1_450' title='bbox 1049 3531 1116 3576; x_wconf 85' lang='lat' dir='ltr'>seqq.</span> 
     </span>
    </p>

    <p class='ocr_par' dir='ltr' id='par_1_12' title="bbox 168 3573 1117 3707">
     <span class='ocr_line' id='line_1_49' title="bbox 200 3573 1116 3644; baseline 0.008 -25"><span class='ocrx_word' id='word_1_451' title='bbox 200 3573 288 3624; x_wconf 78' lang='grc'><strong>8-12.</strong></span> <span class='ocrx_word' id='word_1_452' title='bbox 304 3575 424 3641; x_wconf 71' lang='lat' dir='ltr'>[ingrata]</span> <span class='ocrx_word' id='word_1_453' title='bbox 438 3593 484 3624; x_wconf 89' lang='lat' dir='ltr'>non</span> <span class='ocrx_word' id='word_1_454' title='bbox 496 3584 577 3632; x_wconf 62' lang='lat' dir='ltr'>‘tetra</span> <span class='ocrx_word' id='word_1_455' title='bbox 586 3579 664 3644; x_wconf 63' lang='lat' dir='ltr'>sceda}</span> <span class='ocrx_word' id='word_1_456' title='bbox 675 3582 716 3626; x_wconf 86' lang='lat' dir='ltr'>sed</span> <span class='ocrx_word' id='word_1_457' title='bbox 728 3584 794 3642; x_wconf 78' lang='lat' dir='ltr'>‘quse</span> <span class='ocrx_word' id='word_1_458' title='bbox 804 3597 924 3642; x_wconf 86' lang='lat' dir='ltr'>nunquam</span> <span class='ocrx_word' id='word_1_459' title='bbox 936 3583 1042 3636; x_wconf 86' lang='lat' dir='ltr'>satiatur,</span> <span class='ocrx_word' id='word_1_460' title='bbox 1052 3596 1116 3626; x_wconf 88' lang='lat' dir='ltr'>nuu-</span> 
     </span>
     <span class='ocr_line' id='line_1_50' title="bbox 168 3642 1117 3707; baseline 0.008 -23"><span class='ocrx_word' id='word_1_461' title='bbox 168 3651 239 3698; x_wconf 83' lang='lat' dir='ltr'>quam</span> <span class='ocrx_word' id='word_1_462' title='bbox 250 3644 350 3703; x_wconf 85' lang='lat' dir='ltr'>acceptis</span> <span class='ocrx_word' id='word_1_463' title='bbox 361 3651 471 3691; x_wconf 84' lang='lat' dir='ltr'>contenta</span> <span class='ocrx_word' id='word_1_464' title='bbox 481 3643 532 3690; x_wconf 68' lang='lat' dir='ltr'>est!</span> <span class='ocrx_word' id='word_1_465' title='bbox 540 3668 572 3677; x_wconf 95' lang='lat'>—</span> <span class='ocrx_word' id='word_1_466' title='bbox 582 3642 707 3707; x_wconf 82' lang='lat' dir='ltr'>[stringat]</span> <span class='ocrx_word' id='word_1_467' title='bbox 725 3647 808 3694; x_wconf 81' lang='lat' dir='ltr'>‘avide</span> <span class='ocrx_word' id='word_1_468' title='bbox 823 3647 926 3702; x_wconf 83' lang='lat' dir='ltr'>devoret,</span> <span class='ocrx_word' id='word_1_469' title='bbox 937 3647 1045 3706; x_wconf 89' lang='lat' dir='ltr'>adeoque</span> <span class='ocrx_word' id='word_1_470' title='bbox 1059 3660 1117 3692; x_wconf 88' lang='lat' dir='ltr'>con-</span> 
     </span>
    </p>
   </div>
   <div class='ocr_carea' id='block_1_10' title="bbox 0 0 1235 4059">
    <p class='ocr_par' dir='ltr' id='par_1_13' title="bbox 0 0 1235 4059">
     <span class='ocr_line' id='line_1_51' title="bbox 0 0 1235 4059; baseline 0 0"><span class='ocrx_word' id='word_1_471' title='bbox 0 0 1235 4059; x_wconf 95' lang='lat' dir='ltr'> </span> 
     </span>
    </p>
   </div>
  </div>
 </body>
</html>
