2442 4059
154 279 220 343 292
488 275 773 325 tursaraacarm.
1009 275 1103 340 [cam.

156 430 215 475 illud
226 429 300 476 nescio
311 429 367 489 quid
380 428 516 489 praeclarum
528 444 555 475 nc
569 430 685 489 singulare
698 430 768 475 solere
779 429 881 475 ecs'stere.
889 451 922 463 -
932 425 1045 489 [studium
1055 432 1103 476 rias

155 496 225 541 divite
243 491 313 548 send]
344 501 370 538 ut
389 501 424 538 est
443 501 491 539 tota
509 493 647 539 Callimachi
669 494 793 553 poesis-
805 490 886 553 [vead]
916 494 1047 554 Desumpta
1067 503 1104 540 est

156 559 294 618 metaphora
317 558 346 603 ab
368 558 419 603 auri
441 559 578 617 argentique
601 559 666 605 venis
687 559 712 604 in
735 558 884 604 metallis-
897 555 997 620 [possit]
1027 560 1104 618 ‘quid

156 624 235 683 magni
254 637 281 667 ac
299 622 405 668 duraturi
424 623 496 681 possit
514 622 664 669 efficere.¹—
677 620 806 685 [conjurat]
826 623 982 681 Frequentius
997 625 1043 669 hac
1055 624 1103 683 sig·

157 688 289 734 nificatione
304 695 339 732 est
353 703 375 733 v.
386 690 515 747 coaspirare
527 689 556 733 ad
568 688 676 733 intimam
687 689 864 734 consensionem
876 695 900 733 et
914 690 1105 747 conjunctionem

158 753 344 812 exprimendam.

189 817 326 871 tls-tta.
357 813 418 878 [Qui
437 813 526 878 studet]
558 817 641 863 Paucis
662 818 739 864 verbis
760 817 844 863 educat
864 825 958 876 poetam
979 832 994 863 a
1016 818 1105 863 teneris

158 883 299 941 unguiculis,
323 890 349 928 ut
365 891 481 927 oratorem
502 882 685 932 Quinctilianus.
725 880 875 936 ‘Accusata'
896 882 983 941 inquit,
1002 884 1104 928 ‘educe-

158 945 221 992 tione
240 962 267 992 ac
290 948 460 1007 praeparatione
482 961 541 1006 opus
561 956 597 993 est
617 947 697 993 futuro
719 948 812 1006 poctae,’
840 962 911 1006 quem
933 961 986 992 cum
1010 962 1105 994 cursore

159 1011 282 1071 Olympico
309 1019 434 1072 comparat.
451 1008 607 1073 -[Pytlss'a]
634 1013 769 1067 certamina,
788 1007 1104 1072 Rodumna-[scabies]

158 1077 227 1122 “Est
243 1076 379 1136 imprecatio
398 1084 472 1123 tracta
491 1077 572 1122 alodo
591 1077 691 1136 puerili;
711 1077 751 1137 qui
770 1077 834 1121 enim
854 1084 938 1136 praeest
955 1078 1104 1122 currentibus

158 1142 188 1187 ad
199 1150 285 1187 metam
298 1142 386 1201 pueris,
398 1142 475 1187 dicere
486 1142 557 1187 solet:
577 1142 624 1191 ortt
636 1142 725 1201 primus
736 1142 766 1187 ad
781 1151 868 1186 metam
880 1141 978 1194 venerit,
990 1140 1009 1185 is
1021 1142 1105 1187 vicerit

158 1220 260 1266 eumque
277 1208 301 1251 in
316 1208 383 1252 ninas
400 1220 464 1251 meas
479 1205 607 1266 accipiam
626 1207 667 1265 qui
686 1221 741 1252 vero
757 1206 801 1252 erit
819 1206 923 1259 ultimus,
938 1214 1038 1265 occupet
1048 1220 1105 1251 eum

158 1272 254 1328 scabies,
272 1286 326 1317 eum
341 1286 449 1331 respuam
461 1279 487 1316 ut
498 1271 653 1320 scabiosum.”
677 1273 758 1317 Coram.
772 1272 811 1317 Cr.
858 1270 974 1316 Puerilem
990 1271 1041 1316 ludi
1056 1271 1104 1315 for-

158 1338 247 1382 mulam
269 1336 382 1395 singulari
400 1343 521 1381 venustate
539 1343 641 1382 sectatus
658 1344 701 1392 est,
724 1345 751 1381 ut
771 1336 832 1395 Epp.
846 1335 867 1388 i,
882 1334 903 1389 i,
915 1335 946 1382 59
966 1334 1006 1393 (⁵1
1020 1336 1104 1381 harum

159 1399 275 1461 eclogg.):
297 1402 346 1447 Rec
363 1403 416 1456 eris,
438 1403 510 1456 aiunl,
534 1402 559 1447 St
578 1408 639 1448 recte
650 1397 862 1462 facies—[suae]
889 1401 940 1445 Nou
963 1408 1006 1455 est,
1024 1404 1104 1446 ‘more

158 1466 208 1511 sani
228 1465 330 1512 bominis
346 1474 369 1512 ct
386 1465 506 1520 modeste,'
524 1473 551 1511 ut
569 1467 664 1518 coinon
681 1466 723 1511 sed
740 1466 851 1525 ‘utique,'
871 1480 901 1511 ex
920 1465 1025 1511 oratione
1040 1467 1105 1511 recta

160 1526 178 1593 (⁶
190 1532 250 1576 Sane
262 1530 336 1576 fateor
347 1545 384 1576 me
396 1527 510 1591 nescire')
522 1530 677 1589 inobliquam
689 1530 813 1575 deflexum.

192 1595 320 1642 rra-tet
352 1591 413 1656 [Ut]
437 1596 540 1640 ‘Verum
560 1604 645 1654 praeter
661 1595 831 1655 permultorum
848 1594 966 1640 levitatem
984 1603 1009 1640 et
1027 1608 1104 1641 socor-

159 1661 221 1707 diam
239 1661 263 1705 in
280 1660 363 1706 studiis
379 1660 476 1720 poeticis
496 1661 596 1705 alterum
615 1674 708 1720 quoque
727 1660 857 1719 periculum
873 1660 1014 1704 minitantur
1029 1660 1103 1720 poetis

159 1726 183 1771 in
195 1724 277 1785 primis
294 1726 449 1784 locupletibus
460 1733 630 1771 assentatorum
642 1733 667 1770 et
677 1725 824 1770 adulatorum
836 1738 927 1783 greges,
941 1724 982 1783 qui
993 1735 1103 1783 patronos

159 1806 213 1836 suos
224 1789 287 1836 salsis
299 1790 407 1835 laudibus
420 1790 547 1849 decipiunt.
576 1790 598 1835 Α
609 1790 695 1836 talibus
707 1797 741 1845 tu,
754 1789 814 1846 Piso,
827 1789 868 1834 tibi
880 1803 936 1834 cave
944 1790 992 1833 l'-
1001 1786 1103 1849 [praeco]

160 1855 214 1915 ‘qui
227 1870 312 1914 magno
324 1857 425 1900 clamore
437 1868 525 1900 merces
540 1869 593 1900 suas
608 1855 795 1901 commendando
809 1863 926 1913 emptores
941 1862 1070 1913 congregat
1079 1864 1103 1899 et

159 1916 392 1980 allicit.'-[jubet]
418 1919 469 1965 ‘vel
488 1919 571 1965 tacitus
594 1920 679 1965 invitat
697 1919 805 1965 homines
821 1920 878 1964 viles
900 1927 926 1964 ut
944 1919 1008 1978 apud
1026 1919 1103 1964 virum

162 1985 302 2044 locupletem
313 1984 424 2030 lucellum
436 1984 531 2044 aliquod
543 1993 650 2043 quoerant
660 1985 697 2029 vel
709 1985 791 2029 saltem
802 1998 907 2029 mensam
918 1984 1048 2043 opiparem,
1060 1984 1103 2029 etsi

159 2051 265 2095 nondum
287 2048 371 2102 sciunt,
384 2057 463 2093 utrum
479 2050 557 2107 largus
571 2050 610 2095 ille
627 2049 658 2094 sit
672 2046 891 2109 merser-[Dices
906 2044 983 2109 agris]
1004 2048 1102 2094 Versum

159 2114 203 2160 sibi
223 2113 335 2173 placitum
347 2114 432 2172 repetit
446 2128 476 2159 ex
493 2115 540 2159 Sat.
553 2113 573 2166 l,
585 2115 608 2168 2,
619 2114 656 2167 13.
674 2122 701 2159 ut
711 2114 759 2160 Sat
770 2114 791 2169 i,
803 2113 827 2169 6,
838 2113 877 2168 74,
894 2123 918 2158 et
930 2113 989 2172 Epp
1000 2112 1022 2168 l,
1032 2113 1054 2167 i,
1063 2112 1103 2159 56.

161 2177 204 2239 (49
215 2179 300 2225 harum
311 2176 414 2237 eclogg.)
421 2202 454 2211 -
463 2173 502 2238 [st
512 2174 575 2238 uero]
593 2178 661 2224 ‘Jam
678 2178 697 2223 si
713 2186 829 2224 noverunt
840 2186 995 2223 assentatores
1006 2177 1103 2223 divitem

159 2243 226 2289 iilum
242 2243 314 2289 etiam
329 2241 467 2289 munificum
481 2257 539 2298 esse,
550 2243 623 2288 veluti
637 2244 706 2301 globo
716 2242 778 2289 facto
792 2244 890 2289 adeum
905 2242 1103 2288 concurrunt!-

161 2304 277 2368 [uactum]
301 2308 402 2363 ‘cibum,
422 2308 512 2353 lautum
530 2308 663 2353 convivium
685 2315 710 2353 et
725 2306 831 2354 tersum'
850 2309 904 2353 Acr.
939 2308 982 2352 Est
999 2315 1026 2352 ut
1043 2307 1102 2367 Epp.

162 2372 182 2427 l,
196 2371 232 2426 id,
245 2371 283 2418 44.
300 2371 341 2429 (37
352 2373 436 2418 harum
448 2370 549 2431 eclogg.)
563 2396 596 2406 -
605 2370 678 2433 [recte
692 2369 788 2434 praere]
806 2372 885 2417 ‘Scite
902 2380 973 2431 atque
984 2373 1103 2431 eleganter

160 2452 278 2497 apponere
294 2432 514 2498 fercuta-[test]
533 2437 588 2495 ‘qui
603 2437 655 2483 sine
672 2437 712 2483 tali
727 2451 839 2497 sponsore
855 2437 901 2482 lide
912 2445 1002 2483 careret
1016 2451 1060 2482 nec
1073 2439 1103 2481 ab

159 2501 206 2547 aiio
222 2502 347 2561 pecuniam
365 2510 471 2547 mutuam
489 2516 582 2547 sumere
599 2502 734 2561 posset'-
746 2499 829 2563 [atris]
846 2510 973 2560 usurpatur
990 2502 1103 2547 derebus

158 2566 270 2612 feralibus
289 2573 313 2611 et
332 2565 361 2611 de
383 2566 500 2619 omnibus,
523 2581 576 2626 quae
598 2566 674 2612 tristia
695 2578 751 2612 sunt
771 2575 842 2626 atque
864 2566 964 2626 ingrata.
1008 2566 1101 2611 Dictum

158 2630 231 2690 igitur
253 2638 295 2686 est,
319 2638 345 2676 ut
367 2637 424 2677 atra
446 2646 513 2686 curce,
543 2632 587 2677 Od.
605 2631 628 2685 4,
648 2631 686 2685 ll,
704 2632 744 2685 35,
763 2632 787 2677 h.
804 2632 819 2676 l.
845 2646 887 2685 ec,
912 2645 965 2689 quse
987 2644 1000 2675 e
1022 2630 1103 2676 litibus

158 2696 275 2741 oriuntur.
289 2719 323 2729 -
340 2691 527 2756 [inter-noscere]
556 2704 583 2740 ut
605 2696 666 2755 Epp.
686 2697 708 2750 2,
727 2696 750 2751 2,
768 2695 808 2751 93,
836 2698 1103 2755 circum-spectemus.-

160 2756 266 2821 [bcalus]
284 2761 393 2819 ‘prorsus
410 2760 556 2807 fortunatum
567 2774 591 2806 se
602 2768 715 2821 reputans
726 2769 750 2807 et
764 2760 872 2806 exultans
883 2760 1000 2816 laudibus,
1016 2760 1102 2819 quibus

158 2825 266 2871 adulator
279 2839 333 2869 cum
344 2824 463 2871 cumulat!

192 2888 327 2936 428-436.
346 2886 472 2949 [Pallescet
486 2906 554 2951 super
568 2887 616 2952 bis]
641 2889 687 2936 ‘de
705 2889 761 2936 iocis
779 2890 899 2948 tragoedise
916 2898 967 2944 tuce,
980 2885 1102 2950 φοβεροῖς,

159 2963 272 3001 terrorem
295 2954 445 3013 spirantibus,
464 2956 584 3001 simulabit
603 2956 724 3016 pallorem,
747 2951 884 3011 ἔιπληξινς
910 2964 1003 3000 mestas
1022 2956 1102 3013 qucri-

159 3020 249 3066 monias
271 3020 369 3065 audiens
392 3019 472 3074 flentcs
495 3021 519 3067 in
541 3020 592 3066 aliis
612 3020 669 3066 locis
688 3019 827 3065 sublimibus
848 3034 965 3065 summam
984 3017 1104 3065 ἔκστασιν

158 3086 242 3143 prodet
252 3100 265 3131 e
277 3084 389 3129 cathedra
402 3085 501 3131 exiliens
517 3094 588 3145 atque
601 3100 650 3145 prae
667 3085 750 3130 laetitia
765 3084 906 3129 saltans'-
916 3081 970 3145 [qui
983 3080 1101 3144 madscti]

158 3152 253 3195 ‘omnes
268 3150 308 3209 qui
322 3149 391 3194 funus
403 3159 493 3205 curant,
504 3151 672 3210 designatores,
687 3149 810 3202 tubicines,
821 3148 847 3204 ii,
864 3149 904 3209 qui
915 3152 1031 3208 majorum
1042 3149 1102 3194 ima-

157 3214 224 3273 gines
242 3213 400 3275 praeportant,'
421 3228 468 3260 non
487 3216 562 3261 solum
581 3215 688 3275 praeficoe,
707 3228 765 3273 quas
781 3213 889 3273 designat
907 3214 1061 3259 Kircbmanni
1077 3221 1102 3259 et

159 3278 295 3325 Marklandi
313 3293 486 3338 supervacanea
507 3282 567 3340 conj.
592 3295 642 3341 qua
660 3281 782 3325 coadactae.
839 3278 912 3323 Lucil.
930 3294 953 3337 p.
968 3277 1023 3332 373,
1041 3278 1100 3324 liar.

157 3345 258 3391 mercede
275 3345 459 3405 praemetuere
471 3345 530 3403 flent
544 3346 618 3391 alieno
628 3347 652 3390 s'n
663 3340 748 3402 sunere
765 3344 870 3403 praefica,
890 3344 964 3389 Multo
974 3350 997 3389 ct
1008 3344 1102 3403 capito·

157 3410 262 3455 suadent
284 3416 306 3456 et
328 3410 427 3456 clamant
447 3411 527 3469 magis.
542 3434 575 3443 -
592 3405 713 3470 [Derisor]
736 3406 828 3469 οἶμον,
848 3407 920 3453 falsus
941 3408 1056 3453 laudator.
1068 3431 1102 3441 -

158 3469 282 3536 [movetur]
305 3474 453 3519 ‘simulatam
472 3473 544 3519 animi
563 3473 743 3519 commotionem
760 3472 864 3518 extemis
881 3472 954 3531 signis
969 3472 1101 3531 exprimere

158 3539 271 3584 conatur!
281 3534 421 3599 —[Iieges]
450 3546 476 3583 ut
491 3553 560 3598 saepe,
582 3532 882 3597 locupletes—[calcula]
909 3538 953 3582 Od.
968 3536 990 3591 l,
1005 3536 1046 3589 31,
1063 3536 1099 3588 lt,

157 3616 193 3660 pr.
212 3600 323 3648 calicibus
341 3602 459 3648 fictilibus.
493 3603 608 3648 Timocles
626 3602 651 3647 in
668 3602 745 3647 Grotii
764 3602 823 3647 Exc.
842 3616 864 3660 p.
877 3600 932 3654 693,
950 3596 1062 3654 Πατάξω
1077 3596 1098 3647 r'

157 3661 214 3713 ἴσον
224 3662 271 3727 ἴσῳ
284 3664 413 3730 ποτηρίοις
424 3663 553 3730 Μεγάλοις
563 3664 671 3713 ἅπασαν
681 3664 730 3723 τὴν
741 3662 865 3724 ἀλήθειαν
872 3661 972 3728 φράσαι
991 3667 1098 3712 Grotius:
