2442 4059
108 261 162 301 ata.
175 260 193 296 r.
204 246 240 310 2.]
438 246 724 310 triturantium.
995 251 1053 318 191

106 415 193 448 sensus
210 414 240 447 ne
257 413 361 459 unquam
372 399 449 454 ladet,
460 399 532 446 immo
544 408 570 446 ut
580 400 625 450 tibi
639 399 737 448 honesto
753 399 897 460 gratificetur
911 401 1056 463 pmpositum

106 473 152 522 est,
165 465 281 524 simulque
292 465 316 510 in
329 464 393 510 omni
405 465 458 514 vitre
469 464 602 514 conditione
615 480 680 525 spem
691 480 758 512 suam
769 465 794 510 in
807 476 829 511 te
841 467 947 526 reponit’

99 565 102 572 .
141 529 263 580 tlt-tot.
284 527 337 590 [Aa
354 526 473 591 sommam]
490 531 601 577 locatur:
627 531 690 577 ‘Sed
708 540 734 576 ut
752 530 878 590 aliquando
897 531 1056 592 philosophari

107 595 224 650 desinam,
236 594 366 642 Stoicorum
378 589 522 656 παράδοξον
534 609 612 642 meum
623 595 721 643 laciam.'
730 620 763 630 ··-
772 593 954 658 [minoe-loos]
972 599 986 621 ‘⁶
994 596 1056 644 Seu·

107 659 184 708 tentia
196 659 325 708 Stoicorum
337 676 342 705 :
360 659 390 706 Iu
406 661 446 712 hoc
462 661 552 720 sopiens
567 662 640 708 minor
650 665 685 708 est
694 661 756 717 Jove,
768 663 822 721 quio
834 662 953 708 moritur.”
969 663 1055 718 Acron,

107 725 221 772 ceterum
238 739 362 772 commune
380 733 430 770 erat
447 720 594 788 παράδοξον
609 733 633 772 et
652 724 782 772 Stoicorum
799 733 822 772 et
839 725 943 784 Epicuri.
967 727 1055 775 AElian.

106 790 136 836 V.
151 790 182 836 H.
196 790 220 840 4.
233 788 270 844 13,
281 784 429 850 Ἐπίκουρος
446 785 530 850 ἔλεγεν
546 785 650 851 ἑτοίμως
666 786 734 850 ἔχειν
751 787 793 837 roi
809 789 846 851 τῷ
856 789 895 836 Διὶ
907 789 964 853 περὶ
974 787 1055 838 aridas·

105 853 201 916 μονὶας
212 848 412 915 διαγωνίζεσθαι,
422 851 507 916 μάζαν
517 851 584 915 ἔχων
595 852 637 900 καί
648 849 720 916 ὕδωρ.
738 855 864 911 Ltrcianus,
875 855 921 903 Vit.
932 857 1002 903 Auct.
1014 857 1055 913 20,

105 921 136 966 de
149 919 240 968 Stoico:
258 916 336 980 μόνος
351 913 424 974 οὗτος
441 917 524 981 σοφὸς,
539 917 618 981 μόνος
634 917 719 975 καλὸς,
730 916 808 980 μόνος
819 914 919 977 δίκαιος,
931 917 1055 981 ἀνδρεῖος,

125 981 237 1039 nostroe.
257 977 347 1045 ῥητωρ,
365 979 494 1040 πλούσιος,
513 980 651 1045 νομοθέτης
668 983 709 1030 sai
727 981 818 1043 τᾶλλα,
834 981 919 1032 ὁπόσα
934 982 1055 1034 ἐστίν.-

121 1044 255 1109 ltonorstus]
270 1049 314 1094 ‘ad
326 1049 424 1094 honores
435 1049 543 1096 erectus.¹
556 1073 588 1084 —
601 1045 777 1110 [res-ragam]
791 1058 817 1094 ut
824 1050 947 1096 Persarum
962 1065 1010 1099 rex.
1020 1075 1055 1089 -

118 1110 203 1174 sonas]
218 1113 261 1159 ‘ld
272 1127 327 1159 vero
338 1121 392 1160 ante
403 1113 482 1160 omnia
493 1113 569 1160 cuncti
587 1113 628 1159 tihi
645 1114 781 1169 concedent,
796 1122 819 1160 te
836 1113 939 1173 perlecti
954 1116 1054 1162 sanitato

104 1178 163 1232 frui,
172 1177 217 1224 nisi
226 1177 266 1224 ubi
276 1177 335 1224 sorte
344 1177 427 1237 pituita
436 1175 549 1240 (κόρυζα,
558 1173 708 1240 sareptam,
718 1182 745 1226 ‘a
756 1179 807 1226 cold
816 1181 841 1224 in
851 1194 909 1239 your
918 1178 1001 1239 heod’)
1011 1180 1055 1227 tibi

104 1243 206 1293 molesta
220 1242 270 1288 est’
298 1241 369 1290 Stoici
381 1243 520 1303 objiciebant
531 1243 625 1290 sibimet
638 1243 683 1303 ipsi
696 1245 739 1290 hoc
750 1243 924 1289 incommodum
935 1244 1054 1292 interdum

104 1309 199 1354 obstare
211 1305 285 1354 rideri
298 1306 406 1367 perfecte
425 1307 578 1361 beatitudini;
597 1322 625 1353 eo
641 1308 728 1354 scilicet
742 1308 847 1363 consilio,
860 1316 886 1354 ut
903 1307 965 1354 sacili
983 1311 1055 1368 operi

12 1415 18 1430 ,
104 1373 177 1420 wem
186 1372 338 1432 objectionem
346 1373 501 1420 confutarent.
521 1374 587 1420 Hanc
595 1372 670 1432 ipsam
679 1373 833 1421 ratiunculam
841 1374 900 1420 salse
910 1373 982 1419 ridet:
996 1373 1054 1420 ‘nisi

104 1451 160 1484 curn
169 1436 254 1496 pituita
265 1437 361 1484 molesta
370 1446 405 1484 est
413 1446 437 1484 et
446 1436 495 1492 tibi,
507 1445 531 1484 et
539 1437 605 1484 nobis
615 1437 774 1486 auditoribus)
795 1438 896 1486 ”Arriam
909 1437 985 1497 Epict
996 1437 1018 1494 l,
1029 1437 1053 1496 6,

104 1517 128 1562 p.
138 1500 180 1557 36,
192 1498 242 1548 Nos*
255 1496 390 1564 (ἐπέτυχον
401 1497 580 1563 εὐδαιμονίας)
592 1498 652 1548 ἀλλ’
662 1497 689 1548 oi
698 1499 774 1563 μόξαι
783 1517 833 1564 μου
844 1497 927 1564 ῥέουσι
939 1500 949 1562 (
964 1516 990 1545 =
1004 1518 1054 1550 mu·

104 1583 145 1614 cas
156 1574 181 1620 et
194 1567 256 1614 molo
263 1569 352 1626 pituita
363 1569 414 1614 nasi
426 1565 524 1628 [catull.
536 1567 559 1621 2,
572 1566 594 1620 3,
608 1563 651 1627 17]
664 1567 722 1612 mihi
733 1567 832 1614 molesta
846 1565 900 1627 est).
917 1567 992 1624 Τίνος
1006 1564 1053 1618 οὖν

104 1628 178 1680 ἕνεκα
191 1631 276 1694 χεῖρας
287 1629 361 1692 ἔχεις,
372 1626 550 1695 όνόρόποόον;
567 1628 615 1693 οὐχ
627 1627 672 1679 'iva
683 1630 726 1679 rol
737 1628 889 1695 ἀπομόσσης
900 1631 1007 1682 σεαυτόν
1012 1651 1019 1690 3

474 1825 632 1876 Ettstout
651 1825 684 1875 11.

136 1955 245 2007 Annuit.
260 1955 356 2014 Lollius,
366 1956 397 2002 ad
408 1970 477 2015 quern
489 1956 539 2003 haec
552 1956 659 2017 Epistola
673 1957 728 2004 dats
741 1965 784 2014 est,
795 1958 857 2006 tilius
867 1965 924 2006 natu
935 1956 1052 2012 morimur

104 2022 139 2070 tt.
153 2021 223 2070 Lollii
235 2037 280 2068 coe.
294 2033 374 2068 s.u.c.
386 2020 434 2076 733
446 2018 487 2082 (ad
503 2036 573 2081 quem
592 2022 706 2070 Horatius
721 2022 814 2084 scripsit
825 2024 869 2069 Od.
883 2023 904 2079 t,
919 2023 1053 2083 dividetur

102 2086 184 2134 luisse.
226 2086 323 2138 Lollius,
340 2086 412 2132 nobili
431 2086 480 2132 loco
498 2097 573 2142 natus,
590 2087 663 2144 diues,
678 2089 774 2149 juvenis
789 2103 908 2146 generosae
927 2089 1011 2134 indolis
1028 2096 1053 2137 et

103 2150 219 2211 elegantis
237 2149 326 2210 ingenii
343 2160 400 2207 erat,
414 2159 527 2210 quantum
538 2152 634 2212 quidem
651 2167 681 2198 ex
695 2154 737 2199 hac
750 2153 856 2213 Epistol&
872 2161 896 2198 et
912 2152 982 2211 ltuJus
998 2152 1052 2202 libri

103 2217 151 2277 Ep.
165 2215 203 2274 18,
214 2217 328 2275 conjicere
339 2217 400 2266 licet.
434 2215 463 2262 Ei
481 2217 552 2275 igitur
568 2226 638 2276 poeta
654 2217 698 2263 lrac
712 2217 810 2276 epistolii
825 2216 983 2264 saluberrimis
994 2230 1051 2263 con-

102 2281 162 2330 siliis
172 2281 242 2334 riam,
251 2282 298 2340 qui
306 2280 455 2341 perveniatur
466 2283 495 2327 ad
507 2282 653 2328 honestatem
664 2289 689 2326 et
700 2281 843 2336 felicitatem,
854 2288 975 2334 monstrat,
985 2295 1052 2328 eam·

101 2361 149 2405 que
162 2355 188 2392 ut
199 2347 269 2392 alacri
281 2347 359 2392 animo
370 2345 515 2402 ingrediatur
529 2347 701 2394 adolescentem
712 2354 798 2392 monet.
833 2346 911 2404 Atque
923 2360 996 2404 quum
1007 2346 1052 2394 hoo

100 2410 154 2472 ipso
172 2418 276 2470 tempore
292 2408 327 2470 (a.
336 2423 360 2456 υ.
367 2422 387 2456 ο.
400 2409 455 2464 727,
473 2409 581 2470 Kirchn.)
600 2411 712 2458 Horatius
724 2411 841 2457 Praneste
854 2411 942 2468 degens
954 2410 1051 2458 Homeri

100 2476 211 2523 carmina
225 2475 353 2534 relegisset.
364 2475 407 2520 hac
419 2473 535 2522 scribendi
551 2476 670 2523 occasione
688 2485 756 2522 utens
770 2475 872 2535 primum
883 2475 986 2522 ostendit
996 2476 1051 2524 inde

101 2550 217 2600 tanquam
234 2554 263 2586 ex
281 2541 329 2586 viti
345 2539 396 2599 ipati
414 2554 480 2598 posse
497 2539 617 2599 aptissima
632 2540 657 2586 in
669 2549 896 2600 utramquepartem
914 2541 1052 2600 exemplar

101 2606 170 2654 nobis
182 2602 248 2665 petit.
284 2605 338 2652 Post
355 2604 416 2652 hane
433 2604 551 2663 egregiam
570 2605 599 2652 de
615 2605 719 2653 Homero
734 2605 874 2652 sententiam
891 2605 997 2664 pluribus
1014 2621 1051 2654 rr.

100 2671 243 2731 explicatam
256 2667 303 2730 (vv.
319 2668 407 2729 1-31)
421 2668 491 2715 tradit
503 2668 623 2728 potissima
631 2677 799 2730 preceptorum
810 2671 894 2729 capita,
905 2671 990 2728 quibus
1003 2670 1052 2718 vita

95 2735 182 2794 iuveni
194 2735 297 2794 regenda
308 2733 344 2782 sit.
363 2735 474 2780 Ceterum
486 2742 521 2780 est
533 2733 610 2780 schola
623 2734 700 2780 Stoica
709 2748 740 2780 ex
751 2734 942 2794 interpretatione
952 2735 1051 2784 Homeri

99 2799 194 2854 morali,
213 2814 283 2858 quam
302 2799 442 2859 praeiverant
457 2797 618 2854 AntIsthenes,
635 2799 709 2854 Zeno,
732 2800 843 2846 Persaeus.
869 2799 929 2846 Vide
948 2800 1051 2848 Dionem

100 2863 224 2924 Chrysost.
237 2865 301 2910 Orat.
313 2864 345 2910 5³
356 2873 380 2909 et
391 2863 430 2919 ῠό,
441 2873 464 2910 et
476 2877 587 2924 perquam
599 2864 682 2911 similis
694 2871 729 2910 est
740 2863 839 2910 Maximi
852 2864 920 2924 Tyrii
929 2865 990 2912 Dies.
999 2866 1039 2914 32.

135 2929 206 2978 1-3.
226 2925 346 2990 [marimo]
376 2927 494 2974 ‘maxime
516 2938 572 2976 natu
591 2927 655 2980 inter
676 2926 966 2990 [τευτευ-[σεωυτόν]
992 2928 1051 2980 ‘de-

99 2993 225 3040 clamando
238 2995 267 3040 de
279 2993 338 3040 lictis
351 2993 459 3042 thematis
470 2994 527 3040 duce
539 2992 632 3040 rhetore
649 2993 736 3051 aliquo,
753 2993 880 3041 domestico
890 2995 967 3056 potius
979 3009 1051 3054 quam

100 3058 205 3120 publico,
218 3068 240 3104 ts
252 3073 360 3110 exercere
371 3058 447 3107 soles’
475 3059 570 3112 Seneca,
577 3056 687 3106 Controv.
697 3057 763 3106 Pras.
770 3073 794 3119 p.
801 3057 840 3112 63,
851 3059 902 3119 Βὶρ.
914 3060 1050 3107 Declamare

100 3131 137 3170 est
147 3124 275 3172 domestice
287 3125 462 3172 exercitationes
473 3147 501 3158 -
514 3119 657 3183 [Praeneste]
674 3132 769 3183 propter
781 3123 855 3184 frigus
864 3125 950 3172 oestioae
961 3124 1050 3172 delicta

98 3189 267 3238 Romanorum.-
286 3187 348 3234 Flor.
362 3187 385 3236 l.
399 3187 435 3234 ll.
454 3188 497 3235 Od.
509 3187 533 3243 3,
546 3189 569 3243 t,
581 3187 603 3236 3.

134 3253 157 3300 t.
173 3249 297 3314 [Planius]
316 3248 379 3300 Kar¹
391 3248 519 3315 εἰρωνείαν
534 3253 572 3299 hic
583 3266 676 3311 quoque
688 3251 819 3300 Stoicorum
833 3252 918 3299 tastum
930 3247 1050 3311 deprimit.

99 3317 167 3368 teet.
180 3319 276 3378 ρὶυιιέυε
292 3327 377 3376 prater
394 3319 461 3366 codd
473 3326 562 3366 nostros
579 3316 702 3376 antiquiss.
719 3317 814 3365 lirmant
825 3318 902 3364 Acron
915 3313 1049 3375 ‘apertius’

98 3391 123 3430 et
143 3382 274 3458 Porphyrio
289 3381 459 3428 ‘manifestius'
478 3379 628 3442 explicantes.
664 3382 761 3428 Lucian.
778 3380 926 3441 Lapithae,
942 3377 1048 3429 τοιαῦτα

97 3443 260 3508 ἐξεργοζεται
271 3443 284 3492 ό
296 3444 376 3501 καλὸς
386 3443 537 3509 Χρύσιππος
553 3444 593 3494 coi
606 3441 697 3504 Ζήνων
710 3442 885 3508 όθουμαστός
897 3441 939 3489 rai
950 3439 1048 3492 Κλεάν-

97 3509 159 3568 θης,
172 3507 285 3574 ῥημάτια
297 3507 410 3568 δύστηνα
421 3508 463 3558 roi
473 3508 604 3572 ἐρωτήσεις
617 3508 699 3574 μόνον
711 3511 752 3557 rol
766 3507 887 3573 σχήματα
898 3506 1049 3571 φιλοσόφον.

97 3573 280 3638 -[Grontorr]
298 3577 346 3624 Cic.
360 3577 428 3624 tusc.
440 3575 463 3632 3,
475 3575 499 3632 6,
517 3576 615 3624 Crantor
630 3577 676 3633 ills,
691 3578 731 3637 qui
747 3578 771 3624 in
785 3576 864 3622 nostro
874 3575 1000 3623 Academia
1013 3577 1050 3624 sel

98 3643 124 3698 irs
131 3639 272 3704 primirfsit
282 3642 373 3688 nobilis.
