2442 4059
374 284 573 329 armannum
594 284 661 327 ma.
679 285 715 327 11.
730 269 760 327 2.

103 436 238 503 Acclinis
253 435 335 501 salsis
350 436 469 501 animus
484 436 607 500 meliora
622 446 759 511 recusat3

107 526 217 588 Verum
234 522 283 586 lric
298 522 443 606 impransi
458 544 578 585 mecum
593 523 762 607 disquirite.
808 520 873 585 Cur
887 521 968 587 hoc?

102 610 224 685 Dicam,
240 609 265 673 si
281 623 396 692 potero.
444 607 531 672 Male
547 631 652 671 verum
668 608 823 672 examinat
837 609 935 671 omnis

104 697 274 779 Corruptus
284 693 393 779 judex.
438 693 590 779 Leporem
606 705 747 768 sectatae,
764 716 883 777 equove

104 781 215 845 Lassus
229 781 268 844 ab
283 780 442 853 indomito,
459 780 517 855 vel,
534 780 559 843 ri
577 780 717 843 Romana
732 780 840 865 fatigat
994 784 1032 842 10

103 867 220 930 Militia
233 866 393 929 adsuetum
411 865 557 942 Graecari,
573 889 629 930 eeu
643 866 705 950 pila
720 866 820 940 velox,

103 953 243 1017 Molliter
257 964 411 1015 austerum
426 952 527 1016 studio
542 952 666 1015 fallente
683 952 826 1028 laborem,

104 1039 166 1103 Seu
183 1050 213 1102 te
229 1037 329 1101 discus
344 1038 418 1123 agit,
435 1052 505 1121 pete
521 1037 680 1101 cedentem
695 1061 766 1101 aera
780 1037 882 1100 disco:

104 1124 211 1199 Quum
229 1123 313 1187 labor
328 1124 483 1187 extuderit
497 1124 627 1200 fastidia,
643 1125 750 1199 siccus,
768 1124 877 1190 inanis.

106 1212 224 1294 Sperne
240 1210 342 1272 cibum
358 1209 468 1283 vilem3
486 1209 544 1273 nisi
562 1209 725 1295 Hymettia
739 1210 830 1272 mella
847 1208 978 1273 Falerno
997 1212 1033 1269 15

105 1296 155 1360 Ne
171 1295 284 1359 biberis
299 1296 404 1358 diluta.
451 1296 538 1359 Foris
553 1311 600 1359 est
615 1318 748 1380 promus,
767 1310 799 1358 et
812 1308 912 1358 atrurn

105 1380 287 1445 Defendens
302 1381 399 1466 pisces
414 1381 530 1445 hiemat
544 1404 644 1454 mare3
668 1404 736 1445 curn
752 1381 814 1443 sale
829 1381 916 1467 panis

105 1467 284 1531 Latrantem
299 1467 487 1531 stomachum
504 1467 581 1531 bene
599 1468 702 1531 leniet.
741 1466 834 1531 Unde
849 1481 947 1552 potae,
963 1477 1018 1529 aut

105 1553 172 1628 Qui
187 1550 334 1639 partum?
378 1552 449 1616 Non
465 1553 496 1616 in
513 1576 581 1617 caro
597 1553 704 1617 nidore
719 1553 857 1637 voluptas

108 1638 245 1716 Summa,
261 1638 361 1703 sedin
378 1639 489 1724 teipso
505 1650 560 1703 est.
592 1638 644 1702 Tu
660 1638 861 1725 pulmentaria
876 1661 979 1723 quaere
994 1643 1036 1700 90

108 1724 270 1789 Sudando:
294 1725 441 1810 pinguem
457 1725 538 1790 vitiis
552 1724 718 1809 albumque
733 1747 835 1808 neque
850 1739 949 1789 ostrea

105 1810 177 1875 Nec
191 1833 301 1888 scarus,
318 1824 371 1874 aut
387 1812 498 1895 poterit
513 1813 676 1897 peregrina
685 1812 795 1896 juvare
811 1812 917 1896 lagois.

104 1897 170 1960 Vix
187 1907 288 1960 tamen
304 1896 440 1981 eripiam,
457 1898 556 1981 posito
571 1919 700 1980 pavone,
715 1897 791 1961 velis
806 1898 880 1982 quin

106 1982 181 2046 Hoc
196 1983 306 2067 potius,
323 2005 414 2067 quarn
429 1982 543 2069 gallina
560 1996 681 2068 tergere
695 1982 840 2067 palatum,

107 2068 280 2153 Corruptus
296 2069 381 2131 vanis
396 2090 512 2144 rerum3
537 2068 609 2153 quia
624 2082 735 2133 veneat
748 2091 822 2134 auro
996 2074 1038 2130 25

107 2154 193 2217 Rara
207 2154 280 2231 avis,
297 2168 329 2219 et
343 2154 424 2239 pieta
440 2154 553 2239 pandat
567 2155 739 2239 spectacula
752 2154 865 2218 cauda:

106 2239 284 2325 Tamquam
298 2240 336 2305 ad
358 2262 423 2305 rem
442 2240 570 2306 attineat
585 2241 762 2325 quidquam.
809 2240 892 2304 Num
908 2238 1039 2303 vesceris

193 2325 261 2400 ista,

106 2410 214 2487 Quam
231 2412 343 2489 laudas,
361 2410 490 2498 plumis?
512 2424 598 2476 cocto
613 2435 687 2476 num
700 2412 787 2476 adest
801 2411 897 2474 honor
912 2409 1017 2476 idem?

107 2498 213 2561 Carne
229 2509 341 2574 tamen,
358 2498 497 2582 quamvis
512 2499 605 2561 distat
619 2498 705 2574 nihil,
722 2498 778 2561 lrac
793 2498 890 2583 magis
905 2497 988 2562 illam

106 2583 284 2668 Imparibus
299 2585 403 2647 formis
417 2584 579 2669 deceptum
596 2597 626 2648 te
641 2598 746 2669 petere
762 2597 846 2648 esto:
998 2588 1040 2647 30

107 2668 207 2733 Unde
222 2669 325 2733 datum
341 2670 445 2745 sentis,
462 2669 551 2755 lupus
567 2669 616 2733 hic
631 2670 808 2746 Tiberinus,
824 2693 862 2733 an
878 2669 940 2734 alto

108 2755 232 2840 Captus
246 2756 332 2819 hiet?
356 2769 503 2840 pontesne
520 2756 598 2819 inter
608 2757 757 2841 jactatum
780 2779 817 2819 an
834 2757 931 2820 amnis

107 2840 202 2905 Ostia
216 2842 273 2905 sub
288 2841 408 2905 Tusci?
452 2840 583 2918 Laudas,
600 2842 716 2918 insane,
733 2842 881 2905 trilibrem

108 2926 261 3003 Mullum,
273 2927 305 2990 in
316 2926 438 3013 singula
449 2950 540 3011 quem
553 2927 671 2991 minuas
683 2928 841 3012 pulmenta
853 2949 975 2991 necesse
988 2940 1042 2989 est.

106 3012 212 3077 Ducit
227 3025 256 3077 te
271 3014 399 3098 speeies,
417 3013 523 3089 video;
547 3036 609 3097 quo
624 3015 759 3098 pertinet
773 3037 847 3099 ergo
1000 3017 1042 3076 35

108 3098 262 3162 Procerus
276 3100 375 3163 odisse
391 3098 501 3183 lupos?
545 3098 630 3173 Quia
644 3100 761 3163 scilicet
775 3099 833 3163 illis

108 3184 269 3269 Majorem
285 3198 393 3249 natura
407 3185 529 3247 modum
545 3185 639 3261 dedit,
656 3184 702 3249 his
718 3186 809 3249 breve
825 3186 953 3270 pondus.
1040 3199 1044 3206 '

106 3270 245 3355 Jejunus
260 3292 327 3335 raro
342 3270 516 3335 stomachus
531 3270 669 3356 vulgaria
683 3271 802 3335 temnit.

109 3356 296 3420 Porrectum
312 3379 424 3442 magno
439 3378 584 3441 magnum
599 3370 737 3442 spectare
752 3357 853 3421 catino

109 3442 249 3517 Vellem,
265 3443 308 3506 ait
323 3441 473 3527 Harpyiis
487 3442 561 3527 gula
574 3442 669 3528 digna
682 3443 850 3527 rapacibus.
879 3441 991 3503 arvos
1005 3445 1046 3503 40

112 3527 673 3613 Praesentes‚Austri‚coquitehorum
685 3528 825 3592 obsonia!
852 3526 1048 3608 Quamquam

113 3613 214 3679 Putet
226 3636 301 3701 aper
315 3614 521 3699 rhombusque
536 3636 654 3690 recens,
670 3614 750 3677 mala
763 3612 852 3696 copia
866 3610 988 3694 quaudo

556 3702 609 3763 c3
