2442 4059
448 259 731 308 racuaeauaamo.
1003 258 1065 323 186

111 413 208 473 integro
225 413 250 459 lu
267 425 362 458 arenam
379 411 482 460 revocari
501 411 551 472 ipae
568 424 593 458 se
610 411 714 471 patiatur
730 410 811 471 populi
831 411 914 471 plausu
926 412 962 459 sel
979 426 1066 473 magno

111 486 291 526 auctoramento
302 476 466 523 inductua.'-
475 472 589 537 [extremo
598 472 722 536 —orcntl]
734 485 798 522 stans
806 476 836 523 ad
848 477 990 536 crepidinem
1003 477 1065 533 circi,

112 559 132 592 a.
144 544 252 604 proxime
263 541 368 601 podium,
379 541 420 587 ubi
431 551 498 587 erant
509 541 578 601 primi
590 549 779 601 spectatorea.—
789 538 881 603 [toties]
900 543 990 601 ‘neque
1002 543 1066 588 idem

112 608 218 655 frustm)
259 606 363 666 Optimia
380 606 443 652 enim
465 606 597 666 quibusque
615 605 783 664 gladiatoribus
800 614 895 667 propter
912 607 973 652 hanc
991 607 1066 667 ipsam

114 672 277 736 prestantium
291 671 407 718 difficilius
419 670 502 716 rudem
515 671 570 718 dare
582 671 688 731 popellus
699 671 795 727 solebat,
808 672 882 717 donec
893 671 1000 733 precibus
1011 669 1065 718 sari·

113 746 186 798 gatus
197 739 291 783 tandem
304 735 444 782 vinceretur.

148 803 173 857 7.
191 799 247 864 [aar
269 797 422 862 mibi—qui]
446 799 539 847 Persius
560 801 585 856 5,
603 799 643 856 96,
662 802 714 847 Stat
734 807 812 847 contro
834 803 934 848 ratioet
956 807 1066 848 secretana

111 869 198 929 gannit
214 869 239 914 ia
260 862 524 926 aurem-[personet]
542 867 625 919 active,
643 874 670 911 ut
687 864 735 911 cic.
751 866 780 911 ad
796 866 861 911 Fam.
879 865 903 920 6,
922 867 960 922 lli,
977 865 1065 928 ajon

115 938 193 979 tarsen
204 946 326 989 personare
336 944 405 977 aurea
414 929 463 991 ejas
473 928 601 991 lrrqiurmodi
611 932 700 976 oucibus
711 937 798 977 nonest
808 932 897 977 inutile.
1055 964 1057 969 .

148 995 237 1044 a-lo.
257 992 347 1057 [Solve]
366 994 407 1040 ‘Si
424 995 485 1054 sapia
497 992 585 1054 (sorim,
601 1003 629 1040 ut
645 996 693 1042 Sat.
711 995 771 1050 1‚5,
789 995 840 1054 44),
851 995 952 1054 deiunge
969 996 994 1041 in
1011 1010 1066 1057 per·

114 1070 215 1122 petuam
228 1075 240 1106 a
253 1075 323 1106 curru
331 1074 418 1119 equum
428 1068 595 1114 senescentem,
603 1059 795 1118 vacationemque
805 1060 828 1104 ei
839 1060 869 1105 (la
880 1061 909 1104 ab
921 1060 984 1105 omni
995 1075 1066 1121 opere

113 1140 142 1173 ac
160 1125 261 1173 liberum
275 1122 390 1184 (ἄνετον)
402 1124 452 1171 aine
469 1124 540 1184 pasci,
557 1123 596 1170 ubi
608 1120 832 1184 vult.’—[l'eccet]
850 1127 895 1170 ‘ne
912 1125 1023 1171 continuo
1040 1125 1066 1173 in

115 1204 176 1238 saxa
187 1189 303 1250 impingat
314 1197 355 1235 aut
366 1190 432 1236 humi
443 1190 585 1249 prolibatur,
596 1189 629 1234 ita
641 1198 668 1235 ut
680 1190 781 1235 eundem
793 1189 867 1243 illum,
880 1190 946 1248 cujus
962 1190 1066 1248 vigorem

114 1270 143 1302 ac
154 1255 302 1301 velocitatem
322 1254 377 1300 olim
396 1267 476 1300 omnes
494 1255 678 1309 admirabantur,
696 1262 813 1313 postremo
826 1253 998 1300 derideant’-
1011 1251 1067 1314 [ilia
1132 1263 1136 1270 “

115 1316 201 1381 clueat]
227 1320 304 1378 ‘segre
325 1319 432 1379 spiritum
455 1318 539 1372 ducat,¹
562 1318 712 1377 ‘frequenter
734 1318 843 1364 anhelet!
873 1318 958 1376 Ibycus
982 1318 1021 1364 Fr.
1041 1321 1064 1366 2.

115 1384 259 1432 Schneider.
271 1399 293 1444 p.
305 1385 346 1443 95,
358 1379 435 1430 ’Ὥστε
447 1379 577 1447 peplisque
592 1378 676 1438 ἵππος
691 1380 845 1446 ἀεθλοφόρος
856 1380 916 1430 orori
929 1378 994 1446 γήρᾳ
1010 1379 1066 1430 'At-

115 1465 169 1497 ιων
188 1447 237 1496 oclv
255 1446 343 1511 ὄχεσφι
361 1450 434 1505 Θοοῖς
451 1446 476 1504 ἐς
493 1443 607 1512 ἅμιλλαν
625 1443 681 1508 ἔβα.
714 1449 807 1494 Ennius
823 1449 887 1508 apud
904 1449 953 1494 cic.
972 1451 1024 1495 Cat.
1041 1450 1066 1505 a,

115 1515 184 1562 Sicut
194 1511 267 1575 sortia
286 1530 363 1576 squas,
381 1517 455 1574 spatio
474 1517 514 1574 qai
530 1527 589 1573 raepc
605 1528 708 1573 cupresso
723 1509 784 1559 Vicit
800 1513 913 1574 Olympia,
929 1529 989 1561 isaac
1004 1516 1067 1561 casio

116 1575 231 1638 mqfecta'
243 1581 384 1641 quiescit.—
393 1574 507 1639 [ludicra]
526 1592 625 1634 amores,
633 1579 706 1637 locos,
717 1576 830 1632 convicia,
841 1581 883 1624 tro.

153 1642 255 1691 ll-lli.
275 1639 376 1704 [cerani]
394 1643 447 1690 Non
460 1652 508 1689 tam
520 1650 608 1702 spectat
617 1643 647 1688 ad
657 1642 859 1701 investigationem
871 1633 960 1690 natrirse
968 1645 1065 1705 eiusque

115 1708 285 1767 cognitionem.
307 1723 376 1768 quarn
397 1709 427 1753 sd
449 1705 545 1765 ἠθικὴν
563 1707 717 1768 philosophiae
736 1704 988 1771 partem-[docear]
1007 1710 1066 1756 ‘ho-

116 1769 371 1834 aestumJ-[omnu]
389 1773 437 1819 Sat.
457 1773 479 1828 l,
499 1774 522 1829 o,
540 1773 563 1827 2,
581 1778 641 1819 totas
659 1774 684 1819 ia
701 1769 894 1833 illia-[Gonia
910 1780 932 1820 et
949 1771 1064 1836 compono]

117 1840 125 1864 ‘
136 1839 197 1889 Qua
209 1837 299 1896 collegi.
317 1837 384 1898 quasi
395 1837 420 1882 in
432 1838 516 1884 horreo
525 1837 563 1883 vel
574 1837 633 1882 cella
643 1837 740 1896 penarii
750 1851 838 1897 repono
849 1846 873 1884 et
883 1839 974 1895 ordino,
991 1848 1018 1885 ut
1028 1839 1067 1899 iia,

116 1903 160 1949 ubi
173 1911 265 1961 tempus
277 1902 417 1962 requisierit,
434 1901 501 1949 facile
517 1910 570 1948 utar
580 1915 704 1961 meamque
714 1902 739 1948 in
750 1916 800 1948 rem
812 1903 1003 1949 transieram'-
1011 1901 1065 1965 [da-

113 1965 453 2093 &militabitis
465 1964 1066 2093 lllllllllz‘izzllzttll'thlil

448 2064 455 2089 i
832 2065 839 2089 5

119 2095 269 2157 disciplinam
291 2097 365 2156 sequi,
386 2111 425 2142 me
442 2111 492 2143 esse
514 2104 664 2142 animarum
684 2096 826 2157 Epicureum
845 2107 886 2143 aut
904 2098 1007 2143 Stoicum
1024 2104 1067 2144 aut

118 2158 426 2224 Academicum.’-[Daa]
439 2161 731 2220 ‘auotor‚conclitorsectce
740 2157 983 2222 alioulua’—[Lare]
996 2161 1066 2208 Vooc.

110 2223 210 2288 [anilia
221 2235 245 2272 et
255 2227 332 2273 domus
343 2227 486 2273 consuetudo
496 2226 580 2272 Latina
591 2241 634 2286 pro
644 2226 835 2286 philosophorum
846 2227 914 2272 rectis
926 2227 1065 2284 usurpabat:

117 2291 197 2340 omnis
213 2299 290 2338 autem
309 2291 481 2339 annularem
498 2291 576 2347 habet,
593 2291 635 2350 qui
645 2287 763 2350 familiam
780 2299 872 2344 ructon
886 2290 920 2336 alc
937 2289 1066 2350 Epicureus

116 2355 144 2402 in
164 2356 239 2402 tuteli
258 2364 294 2402 est
315 2356 426 2402 doctrinae
448 2355 554 2414 magistri
572 2351 786 2417 suu-[Nauos]
808 2355 896 2414 Supple
912 2354 1065 2412 cogitatione:

117 2421 214 2477 ‘b'cito‚'
229 2420 276 2466 ‘sic
287 2421 387 2476 habeto,’
399 2435 437 2467 me
452 2417 591 2468 ἐκλεκτικὸν
603 2419 767 2480 philosophum
783 2433 840 2465 esse.
873 2420 988 2481 Magister
1001 2421 1066 2466 Saar-

117 2487 203 2533 uitiari
219 2499 262 2545 pro
279 2486 365 2532 laniati
379 2485 474 2531 familiae
489 2486 635 2545 gladiatorias
651 2493 686 2531 eat
699 2486 749 2544 lam
764 2484 828 2544 apud
839 2484 887 2530 Cic.
899 2485 928 2530 de
939 2485 979 2530 Or.
991 2484 1014 2541 3,
1026 2485 1065 2532 23.

117 2549 150 2597 ln
161 2553 212 2610 ejus
224 2552 294 2597 rerba
309 2547 387 2597 cutein
403 2552 523 2610 iurabant,
538 2550 578 2609 qui
595 2565 621 2596 se
636 2551 794 2595 auctorabant
819 2550 866 2595 Sat.
877 2550 901 2603 2.
912 2548 936 2605 7,
948 2550 987 2596 bii.
1015 2551 1066 2597 Aa·

117 2616 195 2662 dictur
206 2623 284 2661 autem
295 2629 330 2675 pr.
341 2615 382 2674 qui
393 2617 423 2661 ob
434 2630 466 2661 ει
477 2613 588 2670 alienum,
600 2629 673 2674 quum
683 2615 794 2660 solvendo
805 2628 852 2659 non
865 2615 904 2670 sit,
920 2629 950 2660 ex
961 2614 1068 2675 praetoria

117 2679 197 2726 edicto
208 2680 308 2726 traditur
319 2679 434 2736 creditori,
447 2679 488 2740 qui
500 2679 524 2725 in
537 2692 621 2738 corpus
630 2681 680 2739 ejus
687 2680 727 2738 jur
738 2679 823 2724 habeat
834 2687 858 2725 et
868 2687 988 2738 tamquam
1000 2694 1067 2726 servo

118 2753 208 2800 utatur,
226 2745 300 2791 donec
310 2745 391 2791 solvat.
423 2747 537 2792 Addictaa
549 2743 629 2803 igitur,
648 2750 674 2790 at
681 2743 767 2805 jarem,
781 2743 819 2806 ipe.
830 2752 879 2791 eati
898 2745 1028 2792 ‘obnoxius
1043 2754 1067 2792 et

118 2810 186 2856 velut
197 2809 219 2856 vi
231 2819 325 2856 coactus
336 2818 423 2856 certam
435 2810 552 2869 quandam
564 2809 694 2855 doctrinam
704 2809 813 2868 amplecti
824 2823 852 2854 ac
863 2823 892 2855 ne
908 2817 1067 2856 transversum

118 2873 217 2934 quidem
233 2889 335 2933 unguem
354 2877 383 2920 ab
397 2875 426 2920 ei
444 2868 775 2934 diameter-[temnas]
794 2874 915 2934 ‘Hospitis
929 2874 1009 2930 instar,
1026 2874 1067 2934 qui

119 2947 208 2986 certam
220 2941 300 2985 sedem
313 2940 449 2995 nonhabet,
468 2939 508 2984 sed
519 2938 662 2984 deverticula
672 2952 764 2997 semper
774 2946 857 2992 mutat,
873 2953 935 2986 nuno
952 2941 996 2986 liac
1011 2940 1066 2985 doe·

119 3003 183 3050 trini
195 3012 256 3058 utor,
273 3018 336 3050 nunc
346 3004 396 3060 ille,
411 3011 480 3064 prout
491 3003 516 3050 in
529 3003 571 3048 hac
583 3004 653 3049 illive
667 3012 734 3062 parte
749 3005 837 3064 majore
850 3005 1013 3064 probabilitate
1028 3016 1067 3049 me

118 3067 193 3115 allicit
202 3078 225 3114 et
237 3069 366 3115 conducere
377 3067 553 3122 mihividetur!

153 3132 192 3187 16,
212 3132 249 3187 17.
268 3130 363 3194 [agilis]
380 3134 433 3180 Non
455 3142 490 3180 est
513 3131 608 3186 ‘lucilia
630 3130 731 3189 mobilia,
748 3133 884 3180 renatilias'
901 3133 950 3190 aed,
967 3129 1067 3191 ‘agendi

120 3198 229 3259 cupidus,
240 3207 357 3254 actuosus,
370 3196 523 3260 arpocrati&
535 3206 561 3243 ut
573 3199 634 3257 lipp.
648 3197 669 3254 l,
683 3196 721 3251 18,
734 3199 814 3258 jungit
824 3201 907 3260 agilem
916 3210 1066 3258 gnarumque.

119 3260 260 3324 —[rncrsor
271 3265 374 3310 civilibus
385 3260 464 3324 andis]
483 3263 530 3310 Res
546 3263 633 3319 civiles,
647 3263 672 3307 ira
688 3263 769 3323 primia
786 3265 909 3310 conciones
925 3270 949 3308 et
965 3260 1067 3314 comitia,

120 3335 216 3388 propter
227 3327 403 3374 instabilitatem
415 3341 477 3374 aurae
491 3327 610 3389 popularis
627 3341 654 3375 ac
668 3328 808 3388 multiplicer
826 3330 906 3374 turbas
919 3329 999 3372 crebro
1014 3339 1067 3370 curn

118 3392 230 3438 fluctibus
248 3392 471 3453 tempestatibusque
490 3400 662 3452 comparantur.
696 3393 786 3440 Mmor
801 3402 880 3440 autern
897 3389 1068 3448 significatione

118 3456 201 3504 iornm
217 3457 309 3513 mediae,
328 3453 463 3520 εἶσδύομαι,
483 3455 594 3520 ἐμαυτὸν
611 3452 742 3520 ἐμβάλλω,
759 3466 795 3503 est
811 3460 919 3517 ‘prorsus
936 3456 1068 3510 absorbeor,

118 3521 224 3583 abripior
235 3523 306 3569 rebus
319 3521 440 3578 civilibus:
453 3525 548 3568 ‘omnes
565 3536 631 3568 meaa
647 3536 714 3568 curas
727 3522 752 3567 in
769 3522 798 3567 iis
814 3515 1070 3580 ἀνῆψ’-[γὺψ

120 3582 194 3649 asra]
213 3593 239 3632 ut
250 3600 313 3633 nunc
325 3585 414 3643 dicuat,
431 3587 519 3643 iaculis,
535 3588 628 3646 qualem
640 3586 712 3632 Stoici
729 3585 890 3640 informamut,
907 3599 959 3643 qua
975 3592 1070 3645 propter
