<?xml version="1.0" encoding="UTF-8"?>
<!DOCTYPE html PUBLIC "-//W3C//DTD XHTML 1.0 Transitional//EN"
    "http://www.w3.org/TR/xhtml1/DTD/xhtml1-transitional.dtd">
<html xmlns="http://www.w3.org/1999/xhtml" xml:lang="en" lang="en">
 <head>
  <title>
</title>
<meta http-equiv="Content-Type" content="text/html;charset=utf-8" />
  <meta name='ocr-system' content='tesseract 3.04.00' />
  <meta name='ocr-capabilities' content='ocr_page ocr_carea ocr_par ocr_line ocrx_word'/>
</head>
<body>
  <div class='ocr_page' id='page_1' title='image "./ecloghoratianad00flacgoog_0180.png"; bbox 0 0 2442 4059; ppageno 0'>
   <div class='ocr_carea' id='block_1_1' title="bbox 180 276 1210 359">
    <p class='ocr_par' dir='ltr' id='par_1_1' title="bbox 180 276 1210 359">
     <span class='ocr_line' id='line_1_1' title="bbox 180 276 1210 359; baseline -0.014 -22"><span class='ocrx_word' id='word_1_1' title='bbox 180 283 242 348; x_wconf 71' lang='lat'>172</span> <span class='ocrx_word' id='word_1_2' title='bbox 299 279 304 285; x_wconf 84' lang='grc'><em>“</em></span> <span class='ocrx_word' id='word_1_3' title='bbox 504 280 784 329; x_wconf 81' lang='lat' dir='ltr'>rnrunrnnrsmo</span> <span class='ocrx_word' id='word_1_4' title='bbox 1047 276 1121 342; x_wconf 76' lang='grc' dir='ltr'>[ιιι.</span> <span class='ocrx_word' id='word_1_5' title='bbox 1209 346 1210 359; x_wconf 17' lang='lat'>¹</span> 
     </span>
    </p>
   </div>
   <div class='ocr_carea' id='block_1_2' title="bbox 178 427 1124 1338">
    <p class='ocr_par' dir='ltr' id='par_1_2' title="bbox 178 427 1124 884">
     <span class='ocr_line' id='line_1_2' title="bbox 213 427 1122 498; baseline -0.004 -18"><span class='ocrx_word' id='word_1_6' title='bbox 213 434 282 481; x_wconf 81' lang='lat' dir='ltr'>l-o.</span> <span class='ocrx_word' id='word_1_7' title='bbox 295 431 332 496; x_wconf 87' lang='lat' dir='ltr'>[in</span> <span class='ocrx_word' id='word_1_8' title='bbox 342 430 411 495; x_wconf 75' lang='lat' dir='ltr'>mtis]</span> <span class='ocrx_word' id='word_1_9' title='bbox 424 433 463 478; x_wconf 85' lang='lat' dir='ltr'>‘in</span> <span class='ocrx_word' id='word_1_10' title='bbox 474 432 575 493; x_wconf 64' lang='lat' dir='ltr'>optatis!</span> <span class='ocrx_word' id='word_1_11' title='bbox 587 431 648 489; x_wconf 81' lang='lat' dir='ltr'>(cic.</span> <span class='ocrx_word' id='word_1_12' title='bbox 658 433 689 478; x_wconf 87' lang='lat' dir='ltr'>sd</span> <span class='ocrx_word' id='word_1_13' title='bbox 699 433 763 478; x_wconf 80' lang='lat' dir='ltr'>Fam.</span> <span class='ocrx_word' id='word_1_14' title='bbox 774 433 799 485; x_wconf 82' lang='grc'>2,</span> <span class='ocrx_word' id='word_1_15' title='bbox 811 430 861 491; x_wconf 70' lang='lat' dir='ltr'>la)</span> <span class='ocrx_word' id='word_1_16' title='bbox 869 453 902 498; x_wconf 67' lang='lat'>.-</span> <span class='ocrx_word' id='word_1_17' title='bbox 911 427 1016 492; x_wconf 77' lang='lat' dir='ltr'>[modes]</span> <span class='ocrx_word' id='word_1_18' title='bbox 1028 431 1059 476; x_wconf 85' lang='lat' dir='ltr'>de</span> <span class='ocrx_word' id='word_1_19' title='bbox 1069 429 1122 490; x_wconf 86' lang='lat' dir='ltr'>agri</span> 
     </span>
     <span class='ocr_line' id='line_1_3' title="bbox 179 496 1123 560; baseline -0.004 -15"><span class='ocrx_word' id='word_1_20' title='bbox 179 500 254 560; x_wconf 80' lang='lat' dir='ltr'>spatio</span> <span class='ocrx_word' id='word_1_21' title='bbox 265 515 284 544; x_wconf 88' lang='lat' dir='ltr'>s.</span> <span class='ocrx_word' id='word_1_22' title='bbox 296 501 405 544; x_wconf 76' lang='lat' dir='ltr'>mensuro</span> <span class='ocrx_word' id='word_1_23' title='bbox 415 498 485 543; x_wconf 88' lang='lat' dir='ltr'>etiam</span> <span class='ocrx_word' id='word_1_24' title='bbox 498 499 573 544; x_wconf 83' lang='lat' dir='ltr'>Plaut.</span> <span class='ocrx_word' id='word_1_25' title='bbox 582 497 639 543; x_wconf 79' lang='lat' dir='ltr'>Aul.</span> <span class='ocrx_word' id='word_1_26' title='bbox 653 497 712 543; x_wconf 85' lang='lat' dir='ltr'>Prol.</span> <span class='ocrx_word' id='word_1_27' title='bbox 726 496 764 552; x_wconf 78' lang='lat'>1³,</span> <span class='ocrx_word' id='word_1_28' title='bbox 776 499 835 558; x_wconf 85' lang='lat' dir='ltr'>Agri</span> <span class='ocrx_word' id='word_1_29' title='bbox 848 498 943 558; x_wconf 72' lang='lat' dir='ltr'>reliquit</span> <span class='ocrx_word' id='word_1_30' title='bbox 952 498 984 544; x_wconf 81' lang='lat' dir='ltr'>eii</span> <span class='ocrx_word' id='word_1_31' title='bbox 999 512 1045 542; x_wconf 75' lang='lat' dir='ltr'>oon</span> <span class='ocrx_word' id='word_1_32' title='bbox 1056 511 1123 556; x_wconf 76' lang='lat' dir='ltr'>mog·</span> 
     </span>
     <span class='ocr_line' id='line_1_4' title="bbox 180 559 1123 625; baseline -0.004 -15"><span class='ocrx_word' id='word_1_33' title='bbox 180 579 233 611; x_wconf 85' lang='grc' dir='ltr'>ιιιιιιι</span> <span class='ocrx_word' id='word_1_34' title='bbox 247 565 341 609; x_wconf 82' lang='lat' dir='ltr'>modum.</span> <span class='ocrx_word' id='word_1_35' title='bbox 349 588 382 596; x_wconf 92' lang='lat'><em>-</em></span> <span class='ocrx_word' id='word_1_36' title='bbox 394 561 475 624; x_wconf 79' lang='lat' dir='ltr'>[jugis</span> <span class='ocrx_word' id='word_1_37' title='bbox 486 559 564 625; x_wconf 81' lang='lat' dir='ltr'>oqsae]</span> <span class='ocrx_word' id='word_1_38' title='bbox 576 562 616 608; x_wconf 89' lang='lat' dir='ltr'>Sic</span> <span class='ocrx_word' id='word_1_39' title='bbox 627 565 708 623; x_wconf 72' lang='lat' dir='ltr'>iunge,</span> <span class='ocrx_word' id='word_1_40' title='bbox 721 576 767 606; x_wconf 93' lang='lat' dir='ltr'>non</span> <span class='ocrx_word' id='word_1_41' title='bbox 778 576 831 607; x_wconf 87' lang='lat' dir='ltr'>eum</span> <span class='ocrx_word' id='word_1_42' title='bbox 843 562 895 606; x_wconf 85' lang='lat' dir='ltr'>aliis</span> <span class='ocrx_word' id='word_1_43' title='bbox 905 559 973 623; x_wconf 75' lang='lat' dir='ltr'>jugis</span> <span class='ocrx_word' id='word_1_44' title='bbox 980 559 1038 622; x_wconf 74' lang='lat' dir='ltr'>sons</span> <span class='ocrx_word' id='word_1_45' title='bbox 1047 575 1123 622; x_wconf 75' lang='lat' dir='ltr'>apsa,</span> 
     </span>
     <span class='ocr_line' id='line_1_5' title="bbox 179 622 1123 688; baseline -0.004 -14"><span class='ocrx_word' id='word_1_46' title='bbox 179 629 205 675; x_wconf 90' lang='lat' dir='ltr'>id</span> <span class='ocrx_word' id='word_1_47' title='bbox 216 629 278 688; x_wconf 91' lang='lat' dir='ltr'>quod</span> <span class='ocrx_word' id='word_1_48' title='bbox 287 629 448 674; x_wconf 86' lang='lat' dir='ltr'>consuetudini</span> <span class='ocrx_word' id='word_1_49' title='bbox 459 636 624 687; x_wconf 78' lang='lat' dir='ltr'>repugnat-</span> <span class='ocrx_word' id='word_1_50' title='bbox 635 622 722 687; x_wconf 63' lang='lat' dir='ltr'>[otoo]</span> <span class='ocrx_word' id='word_1_51' title='bbox 735 626 778 672; x_wconf 80' lang='lat' dir='ltr'>od.</span> <span class='ocrx_word' id='word_1_52' title='bbox 790 627 813 681; x_wconf 87' lang='grc'><strong>3,</strong></span> <span class='ocrx_word' id='word_1_53' title='bbox 826 626 864 678; x_wconf 87' lang='grc'>16,</span> <span class='ocrx_word' id='word_1_54' title='bbox 874 627 914 681; x_wconf 93' lang='grc'><strong>29,</strong></span> <span class='ocrx_word' id='word_1_55' title='bbox 923 626 1014 671; x_wconf 84' lang='lat' dir='ltr'>collatis</span> <span class='ocrx_word' id='word_1_56' title='bbox 1023 627 1088 684; x_wconf 81' lang='lat' dir='ltr'>Bpp.</span> <span class='ocrx_word' id='word_1_57' title='bbox 1101 624 1123 679; x_wconf 92' lang='lat' dir='ltr'>l,</span> 
     </span>
     <span class='ocr_line' id='line_1_6' title="bbox 183 686 1124 754; baseline -0.003 -15"><span class='ocrx_word' id='word_1_58' title='bbox 183 693 220 750; x_wconf 83' lang='lat'>16,</span> <span class='ocrx_word' id='word_1_59' title='bbox 231 695 254 749; x_wconf 82' lang='lat'>5,</span> <span class='ocrx_word' id='word_1_60' title='bbox 270 701 294 738; x_wconf 90' lang='lat' dir='ltr'>et</span> <span class='ocrx_word' id='word_1_61' title='bbox 307 692 344 748; x_wconf 84' lang='lat'>18,</span> <span class='ocrx_word' id='word_1_62' title='bbox 357 692 410 739; x_wconf 79' lang='lat' dir='ltr'>lut.</span> <span class='ocrx_word' id='word_1_63' title='bbox 423 716 456 725; x_wconf 91' lang='lat'><em>-</em></span> <span class='ocrx_word' id='word_1_64' title='bbox 468 689 547 753; x_wconf 82' lang='lat' dir='ltr'>[super</span> <span class='ocrx_word' id='word_1_65' title='bbox 562 687 611 754; x_wconf 79' lang='lat' dir='ltr'>bis]</span> <span class='ocrx_word' id='word_1_66' title='bbox 624 689 680 738; x_wconf 64' lang='lat' dir='ltr'>‘let</span> <span class='ocrx_word' id='word_1_67' title='bbox 696 686 803 746; x_wconf 75' lang='grc' dir='ltr'>τούτοις,</span> <span class='ocrx_word' id='word_1_68' title='bbox 820 698 904 750; x_wconf 81' lang='lat' dir='ltr'>praeter</span> <span class='ocrx_word' id='word_1_69' title='bbox 920 691 985 736; x_wconf 75' lang='lat' dir='ltr'>baec&#39;</span> <span class='ocrx_word' id='word_1_70' title='bbox 996 714 1030 723; x_wconf 92' lang='lat'><em>-</em></span> <span class='ocrx_word' id='word_1_71' title='bbox 1042 689 1124 751; x_wconf 74' lang='lat' dir='ltr'>[Moto</span> 
     </span>
     <span class='ocr_line' id='line_1_7' title="bbox 180 751 1124 818; baseline -0.004 -13"><span class='ocrx_word' id='word_1_72' title='bbox 180 765 234 805; x_wconf 78' lang='lat' dir='ltr'>rote</span> <span class='ocrx_word' id='word_1_73' title='bbox 261 758 356 803; x_wconf 76' lang='lat' dir='ltr'>Invocat</span> <span class='ocrx_word' id='word_1_74' title='bbox 372 757 513 804; x_wconf 80' lang='lat' dir='ltr'>Mercurium</span> <span class='ocrx_word' id='word_1_75' title='bbox 530 757 588 803; x_wconf 89' lang='lat' dir='ltr'>lucri</span> <span class='ocrx_word' id='word_1_76' title='bbox 604 757 718 811; x_wconf 85' lang='lat' dir='ltr'>datorem,</span> <span class='ocrx_word' id='word_1_77' title='bbox 732 751 848 818; x_wconf 74' lang='lat' dir='ltr'>repdqiov,</span> <span class='ocrx_word' id='word_1_78' title='bbox 863 752 996 818; x_wconf 80' lang='lat' dir='ltr'>ipsor&#39;rvsov.</span> <span class='ocrx_word' id='word_1_79' title='bbox 1005 779 1040 788; x_wconf 91' lang='lat'><em>-</em></span> <span class='ocrx_word' id='word_1_80' title='bbox 1052 753 1124 817; x_wconf 88' lang='lat' dir='ltr'>[pro-</span> 
     </span>
     <span class='ocr_line' id='line_1_8' title="bbox 178 822 640 884; baseline -0.002 -16"><span class='ocrx_word' id='word_1_81' title='bbox 178 825 232 884; x_wconf 85' lang='lat' dir='ltr'>prio</span> <span class='ocrx_word' id='word_1_82' title='bbox 258 823 379 868; x_wconf 79' lang='lat' dir='ltr'>‘stabilia’</span> <span class='ocrx_word' id='word_1_83' title='bbox 397 822 445 868; x_wconf 78' lang='lat' dir='ltr'>ctr.</span> <span class='ocrx_word' id='word_1_84' title='bbox 456 824 503 868; x_wconf 86' lang='lat' dir='ltr'>Sat.</span> <span class='ocrx_word' id='word_1_85' title='bbox 515 823 539 877; x_wconf 91' lang='grc'>2,</span> <span class='ocrx_word' id='word_1_86' title='bbox 550 824 574 876; x_wconf 92' lang='grc'>2,</span> <span class='ocrx_word' id='word_1_87' title='bbox 587 822 640 869; x_wconf 87' lang='grc'><strong>129.</strong></span> 
     </span>
    </p>

    <p class='ocr_par' dir='ltr' id='par_1_3' title="bbox 181 883 1124 1338">
     <span class='ocr_line' id='line_1_9' title="bbox 213 883 1123 948; baseline -0.007 -14"><span class='ocrx_word' id='word_1_88' title='bbox 213 886 301 934; x_wconf 87' lang='grc'><strong>6-12.</strong></span> <span class='ocrx_word' id='word_1_89' title='bbox 318 884 370 948; x_wconf 79' lang='lat' dir='ltr'>[St]</span> <span class='ocrx_word' id='word_1_90' title='bbox 383 888 441 933; x_wconf 88' lang='lat' dir='ltr'>‘hac</span> <span class='ocrx_word' id='word_1_91' title='bbox 457 887 589 933; x_wconf 86' lang='lat' dir='ltr'>conditione</span> <span class='ocrx_word' id='word_1_92' title='bbox 605 885 691 932; x_wconf 82' lang='lat' dir='ltr'>eraudi</span> <span class='ocrx_word' id='word_1_93' title='bbox 707 900 787 946; x_wconf 85' lang='lat' dir='ltr'>preces</span> <span class='ocrx_word' id='word_1_94' title='bbox 803 885 882 934; x_wconf 62' lang='lat' dir='ltr'>meas!</span> <span class='ocrx_word' id='word_1_95' title='bbox 895 885 945 939; x_wconf 75' lang='lat' dir='ltr'>dcc,</span> <span class='ocrx_word' id='word_1_96' title='bbox 961 883 1081 943; x_wconf 76' lang='lat' dir='ltr'>frequenti</span> <span class='ocrx_word' id='word_1_97' title='bbox 1097 883 1123 930; x_wconf 90' lang='lat' dir='ltr'>in</span> 
     </span>
     <span class='ocr_line' id='line_1_10' title="bbox 181 945 1123 1015; baseline -0.004 -17"><span class='ocrx_word' id='word_1_98' title='bbox 181 954 297 1013; x_wconf 88' lang='lat' dir='ltr'>precando</span> <span class='ocrx_word' id='word_1_99' title='bbox 312 953 419 998; x_wconf 80' lang='lat' dir='ltr'>formuli.</span> <span class='ocrx_word' id='word_1_100' title='bbox 431 977 463 985; x_wconf 99' lang='lat'>-</span> <span class='ocrx_word' id='word_1_101' title='bbox 475 948 556 1015; x_wconf 87' lang='lat' dir='ltr'>[uitio]</span> <span class='ocrx_word' id='word_1_102' title='bbox 575 952 677 1006; x_wconf 78' lang='lat' dir='ltr'>luxurii,</span> <span class='ocrx_word' id='word_1_103' title='bbox 695 947 802 1010; x_wconf 81' lang='lat' dir='ltr'>libidine,</span> <span class='ocrx_word' id='word_1_104' title='bbox 817 950 972 1010; x_wconf 61' lang='lat' dir='ltr'>prodigentia</span> <span class='ocrx_word' id='word_1_105' title='bbox 983 973 1016 982; x_wconf 90' lang='lat'>—</span> <span class='ocrx_word' id='word_1_106' title='bbox 1029 945 1123 1010; x_wconf 84' lang='lat' dir='ltr'>[eslpd]</span> 
     </span>
     <span class='ocr_line' id='line_1_11' title="bbox 182 1013 1122 1078; baseline -0.004 -15"><span class='ocrx_word' id='word_1_107' title='bbox 182 1017 326 1076; x_wconf 75' lang='lat' dir='ltr'>negligentli</span> <span class='ocrx_word' id='word_1_108' title='bbox 337 1017 471 1076; x_wconf 67' lang='lat' dir='ltr'>praesertim.</span> <span class='ocrx_word' id='word_1_109' title='bbox 482 1041 515 1049; x_wconf 94' lang='lat'><em>-</em></span> <span class='ocrx_word' id='word_1_110' title='bbox 527 1013 644 1078; x_wconf 78' lang='lat' dir='ltr'>[ueneror]</span> <span class='ocrx_word' id='word_1_111' title='bbox 655 1016 725 1061; x_wconf 83' lang='lat' dir='ltr'>‘deos</span> <span class='ocrx_word' id='word_1_112' title='bbox 738 1025 853 1061; x_wconf 68' lang='lat' dir='ltr'>venerans</span> <span class='ocrx_word' id='word_1_113' title='bbox 868 1017 897 1061; x_wconf 85' lang='lat' dir='ltr'>ab</span> <span class='ocrx_word' id='word_1_114' title='bbox 913 1015 943 1059; x_wconf 89' lang='lat' dir='ltr'>ils</span> <span class='ocrx_word' id='word_1_115' title='bbox 958 1013 1056 1073; x_wconf 69' lang='lat' dir='ltr'>precor!</span> <span class='ocrx_word' id='word_1_116' title='bbox 1074 1014 1122 1059; x_wconf 82' lang='lat' dir='ltr'>Cir.</span> 
     </span>
     <span class='ocr_line' id='line_1_12' title="bbox 183 1077 1124 1142; baseline -0.005 -14"><span class='ocrx_word' id='word_1_117' title='bbox 183 1082 261 1128; x_wconf 84' lang='lat' dir='ltr'>Carm.</span> <span class='ocrx_word' id='word_1_118' title='bbox 273 1083 322 1128; x_wconf 90' lang='lat' dir='ltr'>Sec.</span> <span class='ocrx_word' id='word_1_119' title='bbox 336 1082 375 1130; x_wconf 83' lang='lat'>49.</span> <span class='ocrx_word' id='word_1_120' title='bbox 401 1083 447 1128; x_wconf 80' lang='lat' dir='ltr'>Sat.</span> <span class='ocrx_word' id='word_1_121' title='bbox 461 1083 485 1137; x_wconf 90' lang='grc'>2,</span> <span class='ocrx_word' id='word_1_122' title='bbox 502 1081 525 1135; x_wconf 98' lang='grc'>2,</span> <span class='ocrx_word' id='word_1_123' title='bbox 542 1081 595 1128; x_wconf 84' lang='grc'><strong>124.</strong></span> <span class='ocrx_word' id='word_1_124' title='bbox 606 1105 641 1114; x_wconf 90' lang='grc'>-</span> <span class='ocrx_word' id='word_1_125' title='bbox 652 1077 792 1142; x_wconf 69' lang='lat' dir='ltr'>[denormat]</span> <span class='ocrx_word' id='word_1_126' title='bbox 812 1080 969 1134; x_wconf 89' lang='lat' dir='ltr'>‘denormem,</span> <span class='ocrx_word' id='word_1_127' title='bbox 981 1078 1124 1138; x_wconf 66' lang='lat' dir='ltr'>inequalem</span> 
     </span>
     <span class='ocr_line' id='line_1_13' title="bbox 183 1140 1124 1206; baseline -0.004 -14"><span class='ocrx_word' id='word_1_128' title='bbox 183 1146 267 1202; x_wconf 80' lang='lat' dir='ltr'>reddit,</span> <span class='ocrx_word' id='word_1_129' title='bbox 278 1147 337 1192; x_wconf 81' lang='lat' dir='ltr'>odeo</span> <span class='ocrx_word' id='word_1_130' title='bbox 345 1155 370 1192; x_wconf 92' lang='lat' dir='ltr'>ut</span> <span class='ocrx_word' id='word_1_131' title='bbox 380 1155 461 1192; x_wconf 84' lang='lat' dir='ltr'>contra</span> <span class='ocrx_word' id='word_1_132' title='bbox 471 1145 655 1204; x_wconf 78' lang='lat' dir='ltr'>agrimensorem</span> <span class='ocrx_word' id='word_1_133' title='bbox 665 1146 758 1204; x_wconf 83' lang='lat' dir='ltr'>regulas</span> <span class='ocrx_word' id='word_1_134' title='bbox 768 1145 895 1206; x_wconf 81' lang='lat' dir='ltr'>quadratus</span> <span class='ocrx_word' id='word_1_135' title='bbox 905 1158 953 1190; x_wconf 89' lang='lat' dir='ltr'>non</span> <span class='ocrx_word' id='word_1_136' title='bbox 963 1143 1009 1191; x_wconf 74' lang='lat' dir='ltr'>sit:</span> <span class='ocrx_word' id='word_1_137' title='bbox 1016 1167 1051 1178; x_wconf 88' lang='lat'>—</span> <span class='ocrx_word' id='word_1_138' title='bbox 1059 1140 1124 1204; x_wconf 79' lang='lat' dir='ltr'>[jors</span> 
     </span>
     <span class='ocr_line' id='line_1_14' title="bbox 181 1207 1123 1338; baseline -0.005 -15"><span class='ocrx_word' id='word_1_139' title='bbox 181 1207 685 1338; x_wconf 47' lang='lat' dir='ltr'>q&#39;liifigitiuHeiriislqciiaehiallqii)l3feoisi2,</span> <span class='ocrx_word' id='word_1_140' title='bbox 697 1246 736 1330; x_wconf 77' lang='lat' dir='ltr'>ll,</span> <span class='ocrx_word' id='word_1_141' title='bbox 752 1270 934 1332; x_wconf 77' lang='grc' dir='ltr'>πλουτοδότης.</span> <span class='ocrx_word' id='word_1_142' title='bbox 957 1273 1017 1320; x_wconf 85' lang='lat' dir='ltr'>“Ut</span> <span class='ocrx_word' id='word_1_143' title='bbox 1028 1273 1123 1319; x_wconf 80' lang='lat' dir='ltr'>Mercu·</span> 
     </span>
    </p>
   </div>
   <div class='ocr_carea' id='block_1_3' title="bbox 183 1337 1210 1532">
    <p class='ocr_par' dir='ltr' id='par_1_4' title="bbox 183 1337 1210 1532">
     <span class='ocr_line' id='line_1_15' title="bbox 183 1337 1210 1401; baseline -0.004 -14"><span class='ocrx_word' id='word_1_144' title='bbox 183 1340 233 1387; x_wconf 88' lang='lat' dir='ltr'>rius</span> <span class='ocrx_word' id='word_1_145' title='bbox 248 1341 334 1401; x_wconf 85' lang='lat' dir='ltr'>apertis</span> <span class='ocrx_word' id='word_1_146' title='bbox 352 1340 421 1387; x_wconf 90' lang='lat' dir='ltr'>lucris</span> <span class='ocrx_word' id='word_1_147' title='bbox 437 1349 461 1386; x_wconf 89' lang='lat' dir='ltr'>et</span> <span class='ocrx_word' id='word_1_148' title='bbox 479 1339 630 1399; x_wconf 68' lang='lat' dir='ltr'>negotiationi</span> <span class='ocrx_word' id='word_1_149' title='bbox 648 1348 755 1400; x_wconf 65' lang='lat' dir='ltr'>preerat,</span> <span class='ocrx_word' id='word_1_150' title='bbox 770 1339 804 1386; x_wconf 90' lang='lat' dir='ltr'>sic</span> <span class='ocrx_word' id='word_1_151' title='bbox 822 1340 934 1384; x_wconf 89' lang='lat' dir='ltr'>llercules</span> <span class='ocrx_word' id='word_1_152' title='bbox 949 1337 1038 1398; x_wconf 85' lang='lat' dir='ltr'>opertis</span> <span class='ocrx_word' id='word_1_153' title='bbox 1053 1338 1124 1384; x_wconf 86' lang='lat' dir='ltr'>lucris</span> <span class='ocrx_word' id='word_1_154' title='bbox 1209 1358 1210 1361; x_wconf 41' lang='lat'>¹</span> 
     </span>
     <span class='ocr_line' id='line_1_16' title="bbox 184 1402 1210 1466; baseline -0.004 -14"><span class='ocrx_word' id='word_1_155' title='bbox 184 1406 233 1452; x_wconf 84' lang='lat' dir='ltr'>sive</span> <span class='ocrx_word' id='word_1_156' title='bbox 244 1406 382 1452; x_wconf 85' lang='lat' dir='ltr'>thesauris.”</span> <span class='ocrx_word' id='word_1_157' title='bbox 394 1407 466 1452; x_wconf 79' lang='lat' dir='ltr'>Senot</span> <span class='ocrx_word' id='word_1_158' title='bbox 476 1429 508 1439; x_wconf 90' lang='lat'><em>-</em></span> <span class='ocrx_word' id='word_1_159' title='bbox 518 1402 708 1466; x_wconf 81' lang='lat' dir='ltr'>[gratumjuoot]</span> <span class='ocrx_word' id='word_1_160' title='bbox 721 1405 771 1450; x_wconf 80' lang='lat' dir='ltr'>‘ito</span> <span class='ocrx_word' id='word_1_161' title='bbox 777 1407 852 1465; x_wconf 76' lang='lat' dir='ltr'>Juvat,</span> <span class='ocrx_word' id='word_1_162' title='bbox 863 1413 889 1449; x_wconf 88' lang='lat' dir='ltr'>ut</span> <span class='ocrx_word' id='word_1_163' title='bbox 899 1412 992 1462; x_wconf 87' lang='lat' dir='ltr'>gratum</span> <span class='ocrx_word' id='word_1_164' title='bbox 1003 1404 1034 1449; x_wconf 89' lang='lat' dir='ltr'>sit</span> <span class='ocrx_word' id='word_1_165' title='bbox 1045 1403 1123 1448; x_wconf 82' lang='lat' dir='ltr'>animo</span> <span class='ocrx_word' id='word_1_166' title='bbox 1209 1444 1210 1449; x_wconf 73' lang='grc'><strong>,</strong></span> 
     </span>
     <span class='ocr_line' id='line_1_17' title="bbox 185 1467 1210 1532; baseline -0.004 -16"><span class='ocrx_word' id='word_1_167' title='bbox 185 1471 253 1516; x_wconf 87' lang='lat' dir='ltr'>meo.’</span> <span class='ocrx_word' id='word_1_168' title='bbox 263 1495 297 1504; x_wconf 93' lang='lat'>-</span> <span class='ocrx_word' id='word_1_169' title='bbox 306 1467 418 1532; x_wconf 79' lang='lat' dir='ltr'>[Pingue]</span> <span class='ocrx_word' id='word_1_170' title='bbox 430 1471 525 1517; x_wconf 86' lang='lat' dir='ltr'>locatur</span> <span class='ocrx_word' id='word_1_171' title='bbox 535 1471 679 1529; x_wconf 84' lang='lat' dir='ltr'>inambiguo</span> <span class='ocrx_word' id='word_1_172' title='bbox 689 1469 819 1528; x_wconf 79' lang='lat' dir='ltr'>significatu</span> <span class='ocrx_word' id='word_1_173' title='bbox 831 1485 852 1515; x_wconf 87' lang='lat' dir='ltr'>r.</span> <span class='ocrx_word' id='word_1_174' title='bbox 862 1471 955 1528; x_wconf 69' lang='lat' dir='ltr'>pingue.</span> <span class='ocrx_word' id='word_1_175' title='bbox 966 1469 1029 1527; x_wconf 90' lang='lat' dir='ltr'>quod</span> <span class='ocrx_word' id='word_1_176' title='bbox 1041 1469 1071 1514; x_wconf 90' lang='lat' dir='ltr'>ad</span> <span class='ocrx_word' id='word_1_177' title='bbox 1086 1467 1125 1512; x_wconf 89' lang='lat' dir='ltr'>io·</span> <span class='ocrx_word' id='word_1_178' title='bbox 1209 1476 1210 1483; x_wconf 59' lang='lat'>¹</span> 
     </span>
    </p>
   </div>
   <div class='ocr_carea' id='block_1_4' title="bbox 183 1527 1125 1853">
    <p class='ocr_par' dir='ltr' id='par_1_5' title="bbox 184 1527 1124 1661">
     <span class='ocr_line' id='line_1_18' title="bbox 184 1527 1124 1595; baseline -0.002 -15"><span class='ocrx_word' id='word_1_179' title='bbox 184 1535 279 1594; x_wconf 88' lang='lat' dir='ltr'>genium</span> <span class='ocrx_word' id='word_1_180' title='bbox 289 1536 387 1581; x_wconf 84' lang='lat' dir='ltr'>relatum</span> <span class='ocrx_word' id='word_1_181' title='bbox 397 1535 512 1595; x_wconf 83' lang='lat' dir='ltr'>significat</span> <span class='ocrx_word' id='word_1_182' title='bbox 523 1537 647 1588; x_wconf 70' lang='lat' dir='ltr'>‘crassum</span> <span class='ocrx_word' id='word_1_183' title='bbox 659 1534 808 1580; x_wconf 81' lang='lat' dir='ltr'>tardum’-</span> <span class='ocrx_word' id='word_1_184' title='bbox 815 1529 914 1595; x_wconf 80' lang='lat' dir='ltr'>[castos]</span> <span class='ocrx_word' id='word_1_185' title='bbox 925 1527 1020 1595; x_wconf 78' lang='grc' dir='ltr'><strong><em>Ἐρμῆς</em></strong></span> <span class='ocrx_word' id='word_1_186' title='bbox 1030 1528 1124 1594; x_wconf 76' lang='grc' dir='ltr'><strong>λόγιος,</strong></span> 
     </span>
     <span class='ocr_line' id='line_1_19' title="bbox 184 1597 1124 1661; baseline -0.002 -17"><span class='ocrx_word' id='word_1_187' title='bbox 184 1609 305 1661; x_wconf 82' lang='lat' dir='ltr'>poetarum</span> <span class='ocrx_word' id='word_1_188' title='bbox 316 1614 407 1660; x_wconf 77' lang='lat' dir='ltr'>semper</span> <span class='ocrx_word' id='word_1_189' title='bbox 417 1608 501 1655; x_wconf 79' lang='lat' dir='ltr'>custos,</span> <span class='ocrx_word' id='word_1_190' title='bbox 511 1601 573 1646; x_wconf 89' lang='lat' dir='ltr'>unde</span> <span class='ocrx_word' id='word_1_191' title='bbox 585 1600 627 1645; x_wconf 91' lang='lat' dir='ltr'>hos</span> <span class='ocrx_word' id='word_1_192' title='bbox 638 1608 704 1646; x_wconf 79' lang='lat' dir='ltr'>vocat</span> <span class='ocrx_word' id='word_1_193' title='bbox 713 1602 773 1646; x_wconf 80' lang='lat' dir='ltr'>uiros</span> <span class='ocrx_word' id='word_1_194' title='bbox 783 1599 940 1655; x_wconf 76' lang='lat' dir='ltr'>Mercuriales,</span> <span class='ocrx_word' id='word_1_195' title='bbox 949 1598 994 1643; x_wconf 87' lang='lat' dir='ltr'>0d.</span> <span class='ocrx_word' id='word_1_196' title='bbox 1002 1599 1026 1651; x_wconf 89' lang='grc'>2,</span> <span class='ocrx_word' id='word_1_197' title='bbox 1038 1597 1075 1654; x_wconf 83' lang='grc'><strong>17,</strong></span> <span class='ocrx_word' id='word_1_198' title='bbox 1083 1598 1124 1644; x_wconf 88' lang='grc'><strong>29.</strong></span> 
     </span>
    </p>

    <p class='ocr_par' dir='ltr' id='par_1_6' title="bbox 183 1661 1125 1853">
     <span class='ocr_line' id='line_1_20' title="bbox 219 1661 1124 1726; baseline -0.002 -16"><span class='ocrx_word' id='word_1_199' title='bbox 219 1663 320 1712; x_wconf 87' lang='grc'><strong>16-19.</strong></span> <span class='ocrx_word' id='word_1_200' title='bbox 339 1661 449 1726; x_wconf 85' lang='lat' dir='ltr'>[montes]</span> <span class='ocrx_word' id='word_1_201' title='bbox 468 1664 566 1710; x_wconf 87' lang='lat' dir='ltr'>Sabinos</span> <span class='ocrx_word' id='word_1_202' title='bbox 584 1671 609 1710; x_wconf 89' lang='lat' dir='ltr'>et</span> <span class='ocrx_word' id='word_1_203' title='bbox 625 1664 651 1709; x_wconf 91' lang='lat' dir='ltr'>in</span> <span class='ocrx_word' id='word_1_204' title='bbox 667 1664 746 1709; x_wconf 84' lang='lat' dir='ltr'>villam</span> <span class='ocrx_word' id='word_1_205' title='bbox 759 1677 844 1718; x_wconf 86' lang='lat' dir='ltr'>meam,</span> <span class='ocrx_word' id='word_1_206' title='bbox 861 1678 944 1718; x_wconf 70' lang='lat' dir='ltr'>meses,</span> <span class='ocrx_word' id='word_1_207' title='bbox 960 1662 1017 1721; x_wconf 84' lang='lat' dir='ltr'>quis</span> <span class='ocrx_word' id='word_1_208' title='bbox 1032 1662 1058 1706; x_wconf 91' lang='lat' dir='ltr'>in</span> <span class='ocrx_word' id='word_1_209' title='bbox 1074 1663 1124 1708; x_wconf 86' lang='lat' dir='ltr'>loeo</span> 
     </span>
     <span class='ocr_line' id='line_1_21' title="bbox 185 1724 1125 1791; baseline -0.001 -17"><span class='ocrx_word' id='word_1_210' title='bbox 185 1727 249 1774; x_wconf 89' lang='lat' dir='ltr'>edito</span> <span class='ocrx_word' id='word_1_211' title='bbox 260 1729 374 1775; x_wconf 70' lang='lat' dir='ltr'>edificata</span> <span class='ocrx_word' id='word_1_212' title='bbox 385 1738 441 1776; x_wconf 82' lang='lat' dir='ltr'>erat.</span> <span class='ocrx_word' id='word_1_213' title='bbox 452 1753 485 1762; x_wconf 90' lang='lat'>—</span> <span class='ocrx_word' id='word_1_214' title='bbox 494 1726 572 1791; x_wconf 80' lang='lat' dir='ltr'>[Quid</span> <span class='ocrx_word' id='word_1_215' title='bbox 581 1724 661 1790; x_wconf 80' lang='lat' dir='ltr'>prius]</span> <span class='ocrx_word' id='word_1_216' title='bbox 674 1728 769 1789; x_wconf 79' lang='lat' dir='ltr'>Scripsit</span> <span class='ocrx_word' id='word_1_217' title='bbox 781 1729 830 1774; x_wconf 78' lang='lat' dir='ltr'>brec</span> <span class='ocrx_word' id='word_1_218' title='bbox 840 1737 881 1774; x_wconf 87' lang='lat' dir='ltr'>aut</span> <span class='ocrx_word' id='word_1_219' title='bbox 891 1728 1010 1788; x_wconf 82' lang='lat' dir='ltr'>scripsisse</span> <span class='ocrx_word' id='word_1_220' title='bbox 1019 1741 1046 1772; x_wconf 89' lang='lat' dir='ltr'>se</span> <span class='ocrx_word' id='word_1_221' title='bbox 1057 1724 1125 1786; x_wconf 83' lang='lat' dir='ltr'>lingit</span> 
     </span>
     <span class='ocr_line' id='line_1_22' title="bbox 183 1793 1125 1853; baseline -0.002 -15"><span class='ocrx_word' id='word_1_222' title='bbox 183 1793 242 1848; x_wconf 88' lang='lat' dir='ltr'>ruri,</span> <span class='ocrx_word' id='word_1_223' title='bbox 255 1794 362 1853; x_wconf 74' lang='lat' dir='ltr'>quocirca</span> <span class='ocrx_word' id='word_1_224' title='bbox 380 1795 423 1840; x_wconf 92' lang='lat' dir='ltr'>hoc</span> <span class='ocrx_word' id='word_1_225' title='bbox 434 1793 502 1840; x_wconf 86' lang='lat' dir='ltr'>dicit:</span> <span class='ocrx_word' id='word_1_226' title='bbox 522 1795 606 1840; x_wconf 85' lang='lat' dir='ltr'>‘Nunc</span> <span class='ocrx_word' id='word_1_227' title='bbox 621 1808 694 1853; x_wconf 88' lang='lat' dir='ltr'>quum</span> <span class='ocrx_word' id='word_1_228' title='bbox 711 1794 735 1840; x_wconf 92' lang='lat' dir='ltr'>in</span> <span class='ocrx_word' id='word_1_229' title='bbox 751 1793 862 1839; x_wconf 81' lang='lat' dir='ltr'>Sabinum</span> <span class='ocrx_word' id='word_1_230' title='bbox 878 1807 956 1838; x_wconf 88' lang='lat' dir='ltr'>meum</span> <span class='ocrx_word' id='word_1_231' title='bbox 969 1807 999 1838; x_wconf 89' lang='lat' dir='ltr'>ex</span> <span class='ocrx_word' id='word_1_232' title='bbox 1011 1793 1071 1837; x_wconf 89' lang='lat' dir='ltr'>urbe</span> <span class='ocrx_word' id='word_1_233' title='bbox 1086 1804 1125 1836; x_wconf 90' lang='lat' dir='ltr'>me</span> 
     </span>
    </p>
   </div>
   <div class='ocr_carea' id='block_1_5' title="bbox 90 1856 1125 1918">
    <p class='ocr_par' dir='ltr' id='par_1_7' title="bbox 90 1856 1125 1918">
     <span class='ocr_line' id='line_1_23' title="bbox 90 1856 1125 1918; baseline -0.002 -15"><span class='ocrx_word' id='word_1_234' title='bbox 90 1875 94 1884; x_wconf 92' lang='lat'>·</span> <span class='ocrx_word' id='word_1_235' title='bbox 185 1857 270 1917; x_wconf 82' lang='lat' dir='ltr'>recepi,</span> <span class='ocrx_word' id='word_1_236' title='bbox 283 1857 372 1912; x_wconf 72' lang='lat' dir='ltr'>Satira,</span> <span class='ocrx_word' id='word_1_237' title='bbox 383 1873 453 1917; x_wconf 79' lang='lat' dir='ltr'>quam</span> <span class='ocrx_word' id='word_1_238' title='bbox 464 1873 602 1918; x_wconf 91' lang='lat' dir='ltr'>componere</span> <span class='ocrx_word' id='word_1_239' title='bbox 612 1858 659 1904; x_wconf 83' lang='lat' dir='ltr'>tert</span> <span class='ocrx_word' id='word_1_240' title='bbox 668 1858 768 1913; x_wconf 86' lang='lat' dir='ltr'>animus,</span> <span class='ocrx_word' id='word_1_241' title='bbox 779 1866 944 1916; x_wconf 76' lang='lat' dir='ltr'>argumentum</span> <span class='ocrx_word' id='word_1_242' title='bbox 952 1857 1021 1916; x_wconf 90' lang='lat' dir='ltr'>longe</span> <span class='ocrx_word' id='word_1_243' title='bbox 1032 1856 1125 1916; x_wconf 81' lang='lat' dir='ltr'>aptissi-</span> 
     </span>
    </p>
   </div>
   <div class='ocr_carea' id='block_1_6' title="bbox 183 1921 1128 2565">
    <p class='ocr_par' dir='ltr' id='par_1_8' title="bbox 183 1921 1128 2565">
     <span class='ocr_line' id='line_1_24' title="bbox 186 1921 1125 1983; baseline -0.002 -15"><span class='ocrx_word' id='word_1_244' title='bbox 186 1936 251 1968; x_wconf 85' lang='lat' dir='ltr'>mum</span> <span class='ocrx_word' id='word_1_245' title='bbox 264 1922 287 1967; x_wconf 88' lang='lat' dir='ltr'>ld</span> <span class='ocrx_word' id='word_1_246' title='bbox 299 1923 352 1981; x_wconf 88' lang='lat' dir='ltr'>erit,</span> <span class='ocrx_word' id='word_1_247' title='bbox 359 1933 385 1967; x_wconf 86' lang='lat' dir='ltr'>ut</span> <span class='ocrx_word' id='word_1_248' title='bbox 395 1924 448 1968; x_wconf 81' lang='lat' dir='ltr'>lecto</span> <span class='ocrx_word' id='word_1_249' title='bbox 458 1923 535 1969; x_wconf 83' lang='lat' dir='ltr'>animo</span> <span class='ocrx_word' id='word_1_250' title='bbox 543 1923 668 1983; x_wconf 71' lang='lat' dir='ltr'>praedicem</span> <span class='ocrx_word' id='word_1_251' title='bbox 677 1923 833 1969; x_wconf 71' lang='lat' dir='ltr'>rusticationis</span> <span class='ocrx_word' id='word_1_252' title='bbox 843 1922 945 1982; x_wconf 87' lang='lat' dir='ltr'>insignia</span> <span class='ocrx_word' id='word_1_253' title='bbox 955 1924 1016 1968; x_wconf 91' lang='lat' dir='ltr'>bona</span> <span class='ocrx_word' id='word_1_254' title='bbox 1022 1921 1038 1975; x_wconf 75' lang='grc' dir='ltr'>ς’</span> <span class='ocrx_word' id='word_1_255' title='bbox 1050 1935 1125 1980; x_wconf 84' lang='lat' dir='ltr'>eaque</span> 
     </span>
     <span class='ocr_line' id='line_1_25' title="bbox 186 1983 1124 2048; baseline -0.001 -15"><span class='ocrx_word' id='word_1_256' title='bbox 186 1987 265 2033; x_wconf 86' lang='lat' dir='ltr'>statim</span> <span class='ocrx_word' id='word_1_257' title='bbox 276 1993 410 2033; x_wconf 82' lang='lat' dir='ltr'>enumerat:</span> <span class='ocrx_word' id='word_1_258' title='bbox 421 1987 481 2032; x_wconf 89' lang='lat' dir='ltr'>‘llic</span> <span class='ocrx_word' id='word_1_259' title='bbox 489 1987 551 2033; x_wconf 89' lang='lat' dir='ltr'>enim</span> <span class='ocrx_word' id='word_1_260' title='bbox 563 2002 605 2033; x_wconf 93' lang='lat' dir='ltr'>nec</span> <span class='ocrx_word' id='word_1_261' title='bbox 613 2003 685 2048; x_wconf 81' lang='lat' dir='ltr'>prava</span> <span class='ocrx_word' id='word_1_262' title='bbox 694 1985 791 2034; x_wconf 81' lang='lat' dir='ltr'>ambitio</span> <span class='ocrx_word' id='word_1_263' title='bbox 798 2002 836 2033; x_wconf 86' lang='lat' dir='ltr'>me</span> <span class='ocrx_word' id='word_1_264' title='bbox 845 1987 928 2041; x_wconf 83' lang='lat' dir='ltr'>verat,’</span> <span class='ocrx_word' id='word_1_265' title='bbox 938 1989 1020 2032; x_wconf 77' lang='lat' dir='ltr'>&amp;c—</span> <span class='ocrx_word' id='word_1_266' title='bbox 1028 1983 1124 2047; x_wconf 73' lang='lat' dir='ltr'>[Maed-</span> 
     </span>
     <span class='ocr_line' id='line_1_26' title="bbox 187 2047 1126 2113; baseline -0.001 -15"><span class='ocrx_word' id='word_1_267' title='bbox 187 2067 230 2113; x_wconf 83' lang='lat' dir='ltr'>qoe</span> <span class='ocrx_word' id='word_1_268' title='bbox 242 2047 358 2112; x_wconf 76' lang='lat' dir='ltr'>pedestri]</span> <span class='ocrx_word' id='word_1_269' title='bbox 369 2050 417 2097; x_wconf 78' lang='lat' dir='ltr'>ctr.</span> <span class='ocrx_word' id='word_1_270' title='bbox 430 2053 477 2096; x_wconf 87' lang='lat' dir='ltr'>Sat.</span> <span class='ocrx_word' id='word_1_271' title='bbox 491 2050 511 2104; x_wconf 91' lang='lat' dir='ltr'>l,</span> <span class='ocrx_word' id='word_1_272' title='bbox 523 2052 546 2106; x_wconf 95' lang='lat'>4,</span> <span class='ocrx_word' id='word_1_273' title='bbox 559 2051 597 2105; x_wconf 78' lang='lat'>47.</span> <span class='ocrx_word' id='word_1_274' title='bbox 616 2053 659 2098; x_wconf 88' lang='lat' dir='ltr'>0d.</span> <span class='ocrx_word' id='word_1_275' title='bbox 672 2053 695 2107; x_wconf 91' lang='grc'>2,</span> <span class='ocrx_word' id='word_1_276' title='bbox 707 2052 745 2105; x_wconf 81' lang='grc'>12,</span> <span class='ocrx_word' id='word_1_277' title='bbox 755 2053 779 2100; x_wconf 93' lang='grc'>9.</span> <span class='ocrx_word' id='word_1_278' title='bbox 801 2053 861 2112; x_wconf 79' lang='lat' dir='ltr'>llpp.</span> <span class='ocrx_word' id='word_1_279' title='bbox 871 2054 896 2107; x_wconf 89' lang='grc'><strong>2,</strong></span> <span class='ocrx_word' id='word_1_280' title='bbox 910 2051 998 2107; x_wconf 80' lang='lat' dir='ltr'>1‚2t›t)‚</span> <span class='ocrx_word' id='word_1_281' title='bbox 1010 2052 1126 2098; x_wconf 67' lang='lat' dir='ltr'>&amp;monce</span> 
     </span>
     <span class='ocr_line' id='line_1_27' title="bbox 183 2114 1126 2177; baseline -0.002 -14"><span class='ocrx_word' id='word_1_282' title='bbox 183 2124 289 2176; x_wconf 75' lang='lat' dir='ltr'>repentes</span> <span class='ocrx_word' id='word_1_283' title='bbox 302 2132 345 2176; x_wconf 81' lang='lat' dir='ltr'>per</span> <span class='ocrx_word' id='word_1_284' title='bbox 359 2118 455 2162; x_wconf 83' lang='lat' dir='ltr'>bunum.</span> <span class='ocrx_word' id='word_1_285' title='bbox 466 2139 499 2148; x_wconf 90' lang='lat'>—</span> <span class='ocrx_word' id='word_1_286' title='bbox 510 2114 640 2176; x_wconf 81' lang='lat' dir='ltr'>[plumbeos</span> <span class='ocrx_word' id='word_1_287' title='bbox 650 2114 747 2177; x_wconf 77' lang='lat' dir='ltr'>Auster]</span> <span class='ocrx_word' id='word_1_288' title='bbox 766 2114 877 2177; x_wconf 79' lang='lat' dir='ltr'>(Sirocco)</span> <span class='ocrx_word' id='word_1_289' title='bbox 894 2119 968 2162; x_wconf 71' lang='lat' dir='ltr'>‘astu</span> <span class='ocrx_word' id='word_1_290' title='bbox 983 2130 1026 2162; x_wconf 87' lang='lat' dir='ltr'>suo</span> <span class='ocrx_word' id='word_1_291' title='bbox 1043 2130 1126 2175; x_wconf 88' lang='lat' dir='ltr'>corpus</span> 
     </span>
     <span class='ocr_line' id='line_1_28' title="bbox 187 2180 1126 2242; baseline -0.002 -15"><span class='ocrx_word' id='word_1_292' title='bbox 187 2196 324 2241; x_wconf 84' lang='lat' dir='ltr'>aggravans,</span> <span class='ocrx_word' id='word_1_293' title='bbox 338 2181 444 2240; x_wconf 85' lang='lat' dir='ltr'>viresqne</span> <span class='ocrx_word' id='word_1_294' title='bbox 457 2180 491 2228; x_wconf 89' lang='lat' dir='ltr'>ita</span> <span class='ocrx_word' id='word_1_295' title='bbox 505 2188 642 2237; x_wconf 84' lang='lat' dir='ltr'>extenuans,</span> <span class='ocrx_word' id='word_1_296' title='bbox 657 2188 683 2227; x_wconf 93' lang='lat' dir='ltr'>ut</span> <span class='ocrx_word' id='word_1_297' title='bbox 697 2181 757 2227; x_wconf 90' lang='lat' dir='ltr'>nihil</span> <span class='ocrx_word' id='word_1_298' title='bbox 771 2181 848 2227; x_wconf 91' lang='lat' dir='ltr'>moliri</span> <span class='ocrx_word' id='word_1_299' title='bbox 858 2181 943 2242; x_wconf 82' lang='lat' dir='ltr'>possim</span> <span class='ocrx_word' id='word_1_300' title='bbox 955 2194 1033 2240; x_wconf 88' lang='lat' dir='ltr'>neque</span> <span class='ocrx_word' id='word_1_301' title='bbox 1043 2180 1126 2226; x_wconf 87' lang='lat' dir='ltr'>studiis</span> 
     </span>
     <span class='ocr_line' id='line_1_29' title="bbox 187 2242 1127 2307; baseline 0 -17"><span class='ocrx_word' id='word_1_302' title='bbox 187 2247 284 2293; x_wconf 87' lang='lat' dir='ltr'>racare.’</span> <span class='ocrx_word' id='word_1_303' title='bbox 295 2271 328 2280; x_wconf 93' lang='lat'>-</span> <span class='ocrx_word' id='word_1_304' title='bbox 340 2242 442 2306; x_wconf 83' lang='lat' dir='ltr'>[grauis]</span> <span class='ocrx_word' id='word_1_305' title='bbox 460 2245 631 2306; x_wconf 85' lang='lat' dir='ltr'>‘pestilentiam</span> <span class='ocrx_word' id='word_1_306' title='bbox 643 2260 722 2292; x_wconf 91' lang='lat' dir='ltr'>secum</span> <span class='ocrx_word' id='word_1_307' title='bbox 738 2246 851 2292; x_wconf 81' lang='lat' dir='ltr'>afferens&#39;</span> <span class='ocrx_word' id='word_1_308' title='bbox 885 2243 1010 2307; x_wconf 75' lang='lat' dir='ltr'>Letiferam</span> <span class='ocrx_word' id='word_1_309' title='bbox 1020 2246 1127 2291; x_wconf 88' lang='lat' dir='ltr'>nominat</span> 
     </span>
     <span class='ocr_line' id='line_1_30' title="bbox 188 2307 1127 2372; baseline -0.003 -13"><span class='ocrx_word' id='word_1_310' title='bbox 188 2312 273 2359; x_wconf 79' lang='lat' dir='ltr'>iuven.</span> <span class='ocrx_word' id='word_1_311' title='bbox 285 2315 307 2366; x_wconf 89' lang='lat'>4,</span> <span class='ocrx_word' id='word_1_312' title='bbox 318 2311 357 2358; x_wconf 76' lang='grc'><strong>66.</strong></span> <span class='ocrx_word' id='word_1_313' title='bbox 367 2335 400 2344; x_wconf 89' lang='grc'><strong>-</strong></span> <span class='ocrx_word' id='word_1_314' title='bbox 412 2307 540 2372; x_wconf 82' lang='lat' dir='ltr'>[Libitina]</span> <span class='ocrx_word' id='word_1_315' title='bbox 557 2310 666 2356; x_wconf 80' lang='lat' dir='ltr'>funerum</span> <span class='ocrx_word' id='word_1_316' title='bbox 680 2311 725 2356; x_wconf 82' lang='lat' dir='ltr'>dea</span> <span class='ocrx_word' id='word_1_317' title='bbox 739 2311 820 2357; x_wconf 86' lang='lat' dir='ltr'>ltalies</span> <span class='ocrx_word' id='word_1_318' title='bbox 834 2311 906 2357; x_wconf 84' lang='lat' dir='ltr'>modo¹</span> <span class='ocrx_word' id='word_1_319' title='bbox 916 2325 969 2356; x_wconf 89' lang='lat' dir='ltr'>cum</span> <span class='ocrx_word' id='word_1_320' title='bbox 981 2310 1127 2370; x_wconf 68' lang='lat' dir='ltr'>Proserpina</span> 
     </span>
     <span class='ocr_line' id='line_1_31' title="bbox 189 2375 1127 2435; baseline -0.002 -14"><span class='ocrx_word' id='word_1_321' title='bbox 189 2377 258 2422; x_wconf 91' lang='lat' dir='ltr'>modo</span> <span class='ocrx_word' id='word_1_322' title='bbox 273 2391 326 2422; x_wconf 89' lang='lat' dir='ltr'>curn</span> <span class='ocrx_word' id='word_1_323' title='bbox 338 2375 435 2421; x_wconf 89' lang='lat' dir='ltr'>Veneris</span> <span class='ocrx_word' id='word_1_324' title='bbox 451 2375 546 2422; x_wconf 90' lang='lat' dir='ltr'>numine</span> <span class='ocrx_word' id='word_1_325' title='bbox 562 2391 577 2421; x_wconf 91' lang='grc' dir='ltr'>ιι</span> <span class='ocrx_word' id='word_1_326' title='bbox 592 2375 734 2422; x_wconf 84' lang='lat' dir='ltr'>doctioribus</span> <span class='ocrx_word' id='word_1_327' title='bbox 749 2378 880 2435; x_wconf 71' lang='lat' dir='ltr'>coniuncta,</span> <span class='ocrx_word' id='word_1_328' title='bbox 890 2375 916 2420; x_wconf 87' lang='lat' dir='ltr'>in</span> <span class='ocrx_word' id='word_1_329' title='bbox 930 2376 997 2434; x_wconf 88' lang='lat' dir='ltr'>cujus</span> <span class='ocrx_word' id='word_1_330' title='bbox 1013 2375 1127 2435; x_wconf 88' lang='lat' dir='ltr'>templum</span> 
     </span>
     <span class='ocr_line' id='line_1_32' title="bbox 184 2439 1128 2500; baseline 0 -15"><span class='ocrx_word' id='word_1_331' title='bbox 184 2454 232 2499; x_wconf 87' lang='lat' dir='ltr'>pro</span> <span class='ocrx_word' id='word_1_332' title='bbox 247 2455 340 2500; x_wconf 89' lang='lat' dir='ltr'>qnoque</span> <span class='ocrx_word' id='word_1_333' title='bbox 356 2441 438 2486; x_wconf 79' lang='lat' dir='ltr'>sunere</span> <span class='ocrx_word' id='word_1_334' title='bbox 455 2454 563 2486; x_wconf 86' lang='lat' dir='ltr'>nummus</span> <span class='ocrx_word' id='word_1_335' title='bbox 579 2439 735 2493; x_wconf 66' lang='lat' dir='ltr'>inferebaturc</span> <span class='ocrx_word' id='word_1_336' title='bbox 753 2441 818 2495; x_wconf 92' lang='lat' dir='ltr'>item,</span> <span class='ocrx_word' id='word_1_337' title='bbox 835 2453 979 2500; x_wconf 73' lang='lat' dir='ltr'>quecunque</span> <span class='ocrx_word' id='word_1_338' title='bbox 997 2440 1028 2486; x_wconf 83' lang='lat' dir='ltr'>sd</span> <span class='ocrx_word' id='word_1_339' title='bbox 1045 2440 1128 2485; x_wconf 84' lang='lat' dir='ltr'>lunera</span> 
     </span>
     <span class='ocr_line' id='line_1_33' title="bbox 189 2504 1127 2565; baseline 0.001 -16"><span class='ocrx_word' id='word_1_340' title='bbox 189 2505 344 2564; x_wconf 87' lang='lat' dir='ltr'>pertinebant,</span> <span class='ocrx_word' id='word_1_341' title='bbox 362 2505 394 2551; x_wconf 89' lang='lat' dir='ltr'>ibi</span> <span class='ocrx_word' id='word_1_342' title='bbox 410 2506 544 2552; x_wconf 86' lang='lat' dir='ltr'>locabantur</span> <span class='ocrx_word' id='word_1_343' title='bbox 560 2513 584 2552; x_wconf 89' lang='lat' dir='ltr'>et</span> <span class='ocrx_word' id='word_1_344' title='bbox 599 2506 773 2560; x_wconf 83' lang='lat' dir='ltr'>vendebantnr;</span> <span class='ocrx_word' id='word_1_345' title='bbox 789 2505 869 2564; x_wconf 87' lang='lat' dir='ltr'>igitur,</span> <span class='ocrx_word' id='word_1_346' title='bbox 885 2519 932 2565; x_wconf 93' lang='lat' dir='ltr'>quo</span> <span class='ocrx_word' id='word_1_347' title='bbox 948 2504 1027 2564; x_wconf 86' lang='lat' dir='ltr'>plures</span> <span class='ocrx_word' id='word_1_348' title='bbox 1042 2504 1127 2550; x_wconf 90' lang='lat' dir='ltr'>morie-</span> 
     </span>
    </p>
   </div>
   <div class='ocr_carea' id='block_1_7' title="bbox 189 2569 1210 2630">
    <p class='ocr_par' dir='ltr' id='par_1_9' title="bbox 189 2569 1210 2630">
     <span class='ocr_line' id='line_1_34' title="bbox 189 2569 1210 2630; baseline 0.003 -17"><span class='ocrx_word' id='word_1_349' title='bbox 189 2569 282 2624; x_wconf 87' lang='lat' dir='ltr'>bantur,</span> <span class='ocrx_word' id='word_1_350' title='bbox 295 2583 322 2614; x_wconf 93' lang='lat' dir='ltr'>eo</span> <span class='ocrx_word' id='word_1_351' title='bbox 333 2571 407 2630; x_wconf 81' lang='lat' dir='ltr'>mrj0r</span> <span class='ocrx_word' id='word_1_352' title='bbox 422 2577 446 2616; x_wconf 89' lang='lat' dir='ltr'>et</span> <span class='ocrx_word' id='word_1_353' title='bbox 458 2569 531 2630; x_wconf 85' lang='lat' dir='ltr'>ipsius</span> <span class='ocrx_word' id='word_1_354' title='bbox 544 2571 594 2616; x_wconf 78' lang='lat' dir='ltr'>deae</span> <span class='ocrx_word' id='word_1_355' title='bbox 610 2577 636 2616; x_wconf 82' lang='lat' dir='ltr'>et</span> <span class='ocrx_word' id='word_1_356' title='bbox 649 2569 837 2628; x_wconf 80' lang='lat' dir='ltr'>libitinariorum,</span> <span class='ocrx_word' id='word_1_357' title='bbox 854 2570 895 2630; x_wconf 90' lang='lat' dir='ltr'>qul</span> <span class='ocrx_word' id='word_1_358' title='bbox 909 2569 992 2616; x_wconf 86' lang='lat' dir='ltr'>funera</span> <span class='ocrx_word' id='word_1_359' title='bbox 1006 2572 1127 2625; x_wconf 83' lang='lat' dir='ltr'>curabant,</span> <span class='ocrx_word' id='word_1_360' title='bbox 1209 2600 1210 2607; x_wconf 36' lang='grc' dir='ltr'>ι</span> 
     </span>
    </p>
   </div>
   <div class='ocr_carea' id='block_1_8' title="bbox 189 2641 359 2691">
    <p class='ocr_par' dir='ltr' id='par_1_10' title="bbox 189 2641 359 2691">
     <span class='ocr_line' id='line_1_35' title="bbox 189 2641 359 2691; baseline 0 -13"><span class='ocrx_word' id='word_1_361' title='bbox 189 2642 292 2691; x_wconf 72' lang='lat' dir='ltr'>quaestus</span> <span class='ocrx_word' id='word_1_362' title='bbox 303 2641 359 2678; x_wconf 88' lang='lat' dir='ltr'>erat.</span> 
     </span>
    </p>
   </div>
   <div class='ocr_carea' id='block_1_9' title="bbox 222 2688 1210 2759">
    <p class='ocr_par' dir='ltr' id='par_1_11' title="bbox 222 2688 1210 2759">
     <span class='ocr_line' id='line_1_36' title="bbox 222 2688 1210 2759; baseline 0.001 -16"><span class='ocrx_word' id='word_1_363' title='bbox 222 2698 323 2744; x_wconf 82' lang='grc'><strong>26-24.</strong></span> <span class='ocrx_word' id='word_1_364' title='bbox 336 2693 465 2758; x_wconf 82' lang='lat' dir='ltr'>[Matutine</span> <span class='ocrx_word' id='word_1_365' title='bbox 472 2695 553 2759; x_wconf 83' lang='lat' dir='ltr'>poter]</span> <span class='ocrx_word' id='word_1_366' title='bbox 566 2697 750 2759; x_wconf 85' lang='lat' dir='ltr'>Descriptionem</span> <span class='ocrx_word' id='word_1_367' title='bbox 761 2699 960 2745; x_wconf 88' lang='lat' dir='ltr'>incommodorum</span> <span class='ocrx_word' id='word_1_368' title='bbox 969 2698 1023 2744; x_wconf 71' lang='lat' dir='ltr'>rita</span> <span class='ocrx_word' id='word_1_369' title='bbox 1032 2701 1127 2744; x_wconf 76' lang='lat' dir='ltr'>urbana</span> <span class='ocrx_word' id='word_1_370' title='bbox 1209 2688 1210 2695; x_wconf 35' lang='lat'>¹</span> 
     </span>
    </p>
   </div>
   <div class='ocr_carea' id='block_1_10' title="bbox 181 2760 1129 3731">
    <p class='ocr_par' dir='ltr' id='par_1_12' title="bbox 181 2760 1129 3277">
     <span class='ocr_line' id='line_1_37' title="bbox 184 2760 1128 2823; baseline 0.001 -16"><span class='ocrx_word' id='word_1_371' title='bbox 184 2760 247 2807; x_wconf 80' lang='lat' dir='ltr'>scite</span> <span class='ocrx_word' id='word_1_372' title='bbox 263 2763 353 2808; x_wconf 88' lang='lat' dir='ltr'>orditur</span> <span class='ocrx_word' id='word_1_373' title='bbox 368 2765 397 2808; x_wconf 83' lang='lat' dir='ltr'>ab</span> <span class='ocrx_word' id='word_1_374' title='bbox 414 2763 559 2810; x_wconf 82' lang='lat' dir='ltr'>invocatione</span> <span class='ocrx_word' id='word_1_375' title='bbox 569 2764 632 2819; x_wconf 79' lang='lat' dir='ltr'>iani,</span> <span class='ocrx_word' id='word_1_376' title='bbox 643 2763 684 2823; x_wconf 88' lang='lat' dir='ltr'>qui</span> <span class='ocrx_word' id='word_1_377' title='bbox 695 2765 774 2810; x_wconf 81' lang='lat' dir='ltr'>omnio</span> <span class='ocrx_word' id='word_1_378' title='bbox 789 2764 857 2809; x_wconf 84' lang='lat' dir='ltr'>initis</span> <span class='ocrx_word' id='word_1_379' title='bbox 867 2763 977 2819; x_wconf 87' lang='lat' dir='ltr'>fortunat,</span> <span class='ocrx_word' id='word_1_380' title='bbox 989 2763 1052 2819; x_wconf 79' lang='lat' dir='ltr'>vitre,</span> <span class='ocrx_word' id='word_1_381' title='bbox 1065 2764 1128 2820; x_wconf 86' lang='lat' dir='ltr'>anni,</span> 
     </span>
     <span class='ocr_line' id='line_1_38' title="bbox 191 2825 1129 2890; baseline 0.005 -20"><span class='ocrx_word' id='word_1_382' title='bbox 191 2825 214 2872; x_wconf 86' lang='lat' dir='ltr'>h.</span> <span class='ocrx_word' id='word_1_383' title='bbox 226 2825 241 2870; x_wconf 92' lang='lat' dir='ltr'>l.</span> <span class='ocrx_word' id='word_1_384' title='bbox 252 2826 397 2885; x_wconf 85' lang='lat' dir='ltr'>negotiorum</span> <span class='ocrx_word' id='word_1_385' title='bbox 413 2842 455 2888; x_wconf 92' lang='lat' dir='ltr'>per</span> <span class='ocrx_word' id='word_1_386' title='bbox 469 2828 572 2887; x_wconf 87' lang='lat' dir='ltr'>singulos</span> <span class='ocrx_word' id='word_1_387' title='bbox 583 2828 634 2875; x_wconf 89' lang='lat' dir='ltr'>dies</span> <span class='ocrx_word' id='word_1_388' title='bbox 647 2830 848 2888; x_wconf 84' lang='lat' dir='ltr'>capessendorum.</span> <span class='ocrx_word' id='word_1_389' title='bbox 858 2853 891 2864; x_wconf 93' lang='lat'>—</span> <span class='ocrx_word' id='word_1_390' title='bbox 902 2825 996 2890; x_wconf 77' lang='grc' dir='ltr'>[ιιιιάιι]</span> <span class='ocrx_word' id='word_1_391' title='bbox 1009 2825 1129 2884; x_wconf 62' lang='lat' dir='ltr'>‘deoiesn</span> 
     </span>
     <span class='ocr_line' id='line_1_39' title="bbox 191 2886 1126 2955; baseline 0.003 -18"><span class='ocrx_word' id='word_1_392' title='bbox 191 2886 282 2949; x_wconf 74' lang='grc' dir='ltr'><strong>κλύεις,</strong></span> <span class='ocrx_word' id='word_1_393' title='bbox 299 2891 437 2950; x_wconf 77' lang='lat' dir='ltr'>uppelluris.¹</span> <span class='ocrx_word' id='word_1_394' title='bbox 449 2917 481 2928; x_wconf 90' lang='lat'><em>-</em></span> <span class='ocrx_word' id='word_1_395' title='bbox 493 2888 587 2955; x_wconf 81' lang='lat' dir='ltr'>[Unde]</span> <span class='ocrx_word' id='word_1_396' title='bbox 608 2894 638 2939; x_wconf 83' lang='lat' dir='ltr'>‘a</span> <span class='ocrx_word' id='word_1_397' title='bbox 648 2894 710 2953; x_wconf 84' lang='lat' dir='ltr'>quo,’</span> <span class='ocrx_word' id='word_1_398' title='bbox 727 2902 754 2940; x_wconf 88' lang='lat' dir='ltr'>ut</span> <span class='ocrx_word' id='word_1_399' title='bbox 772 2895 816 2939; x_wconf 91' lang='lat' dir='ltr'>Od.</span> <span class='ocrx_word' id='word_1_400' title='bbox 837 2893 860 2948; x_wconf 88' lang='lat' dir='ltr'>l,</span> <span class='ocrx_word' id='word_1_401' title='bbox 876 2894 913 2948; x_wconf 87' lang='grc'>12,</span> <span class='ocrx_word' id='word_1_402' title='bbox 933 2893 970 2947; x_wconf 84' lang='grc'>17.</span> <span class='ocrx_word' id='word_1_403' title='bbox 980 2917 1014 2926; x_wconf 90' lang='grc'>-</span> <span class='ocrx_word' id='word_1_404' title='bbox 1025 2890 1126 2955; x_wconf 72' lang='lat' dir='ltr'>[Roma]</span> 
     </span>
     <span class='ocr_line' id='line_1_40' title="bbox 181 2955 1127 3019; baseline 0.008 -22"><span class='ocrx_word' id='word_1_405' title='bbox 181 2959 198 2996; x_wconf 87' lang='lat'>.‘</span> <span class='ocrx_word' id='word_1_406' title='bbox 208 2956 286 3005; x_wconf 78' lang='lat' dir='ltr'>Quum</span> <span class='ocrx_word' id='word_1_407' title='bbox 300 2956 380 3002; x_wconf 82' lang='lat' dir='ltr'>Romoe</span> <span class='ocrx_word' id='word_1_408' title='bbox 391 2972 450 3013; x_wconf 91' lang='lat' dir='ltr'>sum,</span> <span class='ocrx_word' id='word_1_409' title='bbox 462 2972 532 3003; x_wconf 86' lang='lat' dir='ltr'>mane</span> <span class='ocrx_word' id='word_1_410' title='bbox 542 2973 580 3003; x_wconf 92' lang='lat' dir='ltr'>me</span> <span class='ocrx_word' id='word_1_411' title='bbox 590 2959 652 3018; x_wconf 82' lang='lat' dir='ltr'>rapis</span> <span class='ocrx_word' id='word_1_412' title='bbox 662 2972 773 3018; x_wconf 88' lang='lat' dir='ltr'>sponsum</span> <span class='ocrx_word' id='word_1_413' title='bbox 784 2958 809 3003; x_wconf 90' lang='lat' dir='ltr'>in</span> <span class='ocrx_word' id='word_1_414' title='bbox 821 2958 907 3004; x_wconf 86' lang='lat' dir='ltr'>Forum</span> <span class='ocrx_word' id='word_1_415' title='bbox 914 2957 929 2979; x_wconf 87' lang='lat'><strong>”</strong></span> <span class='ocrx_word' id='word_1_416' title='bbox 940 2955 1016 3019; x_wconf 81' lang='lat' dir='ltr'>(Epp.</span> <span class='ocrx_word' id='word_1_417' title='bbox 1025 2959 1049 3013; x_wconf 89' lang='grc'>2,</span> <span class='ocrx_word' id='word_1_418' title='bbox 1058 2959 1082 3012; x_wconf 90' lang='grc'>2,</span> <span class='ocrx_word' id='word_1_419' title='bbox 1090 2957 1127 3012; x_wconf 86' lang='grc'>67,</span> 
     </span>
     <span class='ocr_line' id='line_1_41' title="bbox 182 3020 1127 3082; baseline 0.002 -17"><span class='ocrx_word' id='word_1_420' title='bbox 182 3020 239 3066; x_wconf 81' lang='grc' dir='ltr'>,Ηιό</span> <span class='ocrx_word' id='word_1_421' title='bbox 249 3035 351 3080; x_wconf 81' lang='lat' dir='ltr'>sponsum</span> <span class='ocrx_word' id='word_1_422' title='bbox 362 3021 449 3082; x_wconf 85' lang='lat' dir='ltr'>oocot):</span> <span class='ocrx_word' id='word_1_423' title='bbox 462 3023 477 3068; x_wconf 92' lang='lat' dir='ltr'>i.</span> <span class='ocrx_word' id='word_1_424' title='bbox 490 3037 510 3068; x_wconf 89' lang='lat' dir='ltr'>e.</span> <span class='ocrx_word' id='word_1_425' title='bbox 522 3024 603 3068; x_wconf 81' lang='lat' dir='ltr'>Rornae</span> <span class='ocrx_word' id='word_1_426' title='bbox 616 3023 775 3069; x_wconf 84' lang='lat' dir='ltr'>necessitatem</span> <span class='ocrx_word' id='word_1_427' title='bbox 787 3022 845 3068; x_wconf 85' lang='lat' dir='ltr'>mihi</span> <span class='ocrx_word' id='word_1_428' title='bbox 857 3022 989 3082; x_wconf 84' lang='lat' dir='ltr'>impositam</span> <span class='ocrx_word' id='word_1_429' title='bbox 1000 3024 1079 3069; x_wconf 80' lang='lat' dir='ltr'>sentio</span> <span class='ocrx_word' id='word_1_430' title='bbox 1088 3037 1127 3082; x_wconf 95' lang='lat' dir='ltr'>pro</span> 
     </span>
     <span class='ocr_line' id='line_1_42' title="bbox 193 3085 1128 3147; baseline 0.003 -17"><span class='ocrx_word' id='word_1_431' title='bbox 193 3086 236 3130; x_wconf 91' lang='lat' dir='ltr'>boc</span> <span class='ocrx_word' id='word_1_432' title='bbox 254 3085 289 3131; x_wconf 84' lang='lat' dir='ltr'>rel</span> <span class='ocrx_word' id='word_1_433' title='bbox 306 3085 346 3129; x_wconf 89' lang='lat' dir='ltr'>illo</span> <span class='ocrx_word' id='word_1_434' title='bbox 363 3086 436 3132; x_wconf 87' lang='lat' dir='ltr'>amico</span> <span class='ocrx_word' id='word_1_435' title='bbox 454 3086 574 3134; x_wconf 77' lang='lat' dir='ltr'>confestim</span> <span class='ocrx_word' id='word_1_436' title='bbox 593 3087 731 3147; x_wconf 88' lang='lat' dir='ltr'>spondendi,</span> <span class='ocrx_word' id='word_1_437' title='bbox 749 3087 795 3134; x_wconf 91' lang='lat' dir='ltr'>nisi</span> <span class='ocrx_word' id='word_1_438' title='bbox 812 3087 915 3133; x_wconf 83' lang='lat' dir='ltr'>insuavis</span> <span class='ocrx_word' id='word_1_439' title='bbox 933 3095 957 3132; x_wconf 90' lang='lat' dir='ltr'>et</span> <span class='ocrx_word' id='word_1_440' title='bbox 975 3087 1128 3146; x_wconf 70' lang='lat' dir='ltr'>negligentior</span> 
     </span>
     <span class='ocr_line' id='line_1_43' title="bbox 192 3148 1126 3213; baseline 0.003 -19"><span class='ocrx_word' id='word_1_441' title='bbox 192 3149 272 3196; x_wconf 87' lang='lat' dir='ltr'>haberi</span> <span class='ocrx_word' id='word_1_442' title='bbox 293 3149 369 3195; x_wconf 85' lang='lat' dir='ltr'>velim.</span> <span class='ocrx_word' id='word_1_443' title='bbox 380 3173 413 3182; x_wconf 89' lang='lat'><em>—</em></span> <span class='ocrx_word' id='word_1_444' title='bbox 425 3148 598 3213; x_wconf 81' lang='lat' dir='ltr'>[Eia-urge]</span> <span class='ocrx_word' id='word_1_445' title='bbox 623 3153 667 3198; x_wconf 86' lang='lat' dir='ltr'>llis</span> <span class='ocrx_word' id='word_1_446' title='bbox 687 3167 724 3198; x_wconf 84' lang='lat' dir='ltr'>rr.</span> <span class='ocrx_word' id='word_1_447' title='bbox 745 3166 771 3198; x_wconf 84' lang='lat' dir='ltr'>se</span> <span class='ocrx_word' id='word_1_448' title='bbox 798 3152 848 3212; x_wconf 79' lang='lat' dir='ltr'>ipse</span> <span class='ocrx_word' id='word_1_449' title='bbox 872 3152 980 3198; x_wconf 84' lang='lat' dir='ltr'>bortstur</span> <span class='ocrx_word' id='word_1_450' title='bbox 1002 3152 1126 3198; x_wconf 84' lang='lat' dir='ltr'>Horatius:</span> 
     </span>
     <span class='ocr_line' id='line_1_44' title="bbox 191 3211 1032 3277; baseline 0.004 -17"><span class='ocrx_word' id='word_1_451' title='bbox 191 3211 297 3276; x_wconf 66' lang='lat' dir='ltr'>&#39;iresyn</span> <span class='ocrx_word' id='word_1_452' title='bbox 308 3227 414 3272; x_wconf 85' lang='lat' dir='ltr'>propera,</span> <span class='ocrx_word' id='word_1_453' title='bbox 429 3229 458 3260; x_wconf 92' lang='lat' dir='ltr'>ne</span> <span class='ocrx_word' id='word_1_454' title='bbox 469 3215 520 3275; x_wconf 86' lang='lat' dir='ltr'>quis</span> <span class='ocrx_word' id='word_1_455' title='bbox 536 3215 561 3261; x_wconf 90' lang='lat' dir='ltr'>in</span> <span class='ocrx_word' id='word_1_456' title='bbox 575 3216 619 3262; x_wconf 88' lang='lat' dir='ltr'>boc</span> <span class='ocrx_word' id='word_1_457' title='bbox 629 3215 704 3263; x_wconf 83' lang='lat' dir='ltr'>officio</span> <span class='ocrx_word' id='word_1_458' title='bbox 712 3215 847 3276; x_wconf 90' lang='lat' dir='ltr'>recipiendo</span> <span class='ocrx_word' id='word_1_459' title='bbox 857 3224 880 3263; x_wconf 89' lang='lat' dir='ltr'>te</span> <span class='ocrx_word' id='word_1_460' title='bbox 890 3217 1032 3277; x_wconf 75' lang='lat' dir='ltr'>proerenlat&#39;</span> 
     </span>
    </p>

    <p class='ocr_par' dir='ltr' id='par_1_13' title="bbox 192 3275 1127 3596">
     <span class='ocr_line' id='line_1_45' title="bbox 225 3275 1126 3341; baseline 0.003 -17"><span class='ocrx_word' id='word_1_461' title='bbox 225 3280 265 3338; x_wconf 75' lang='grc'><strong>26,</strong></span> <span class='ocrx_word' id='word_1_462' title='bbox 275 3277 313 3324; x_wconf 88' lang='grc'>26.</span> <span class='ocrx_word' id='word_1_463' title='bbox 332 3275 426 3340; x_wconf 85' lang='lat' dir='ltr'>[Aquilo</span> <span class='ocrx_word' id='word_1_464' title='bbox 439 3276 513 3340; x_wconf 80' lang='lat' dir='ltr'>rodit]</span> <span class='ocrx_word' id='word_1_465' title='bbox 531 3282 538 3305; x_wconf 88' lang='lat'>‘</span> <span class='ocrx_word' id='word_1_466' title='bbox 546 3280 593 3337; x_wconf 82' lang='lat' dir='ltr'>llnt,</span> <span class='ocrx_word' id='word_1_467' title='bbox 608 3289 676 3327; x_wconf 78' lang='lat' dir='ltr'>terrae</span> <span class='ocrx_word' id='word_1_468' title='bbox 692 3282 839 3341; x_wconf 83' lang='lat' dir='ltr'>superficiem</span> <span class='ocrx_word' id='word_1_469' title='bbox 854 3283 944 3337; x_wconf 77' lang='lat' dir='ltr'>rodens,</span> <span class='ocrx_word' id='word_1_470' title='bbox 955 3281 1126 3341; x_wconf 72' lang='lat' dir='ltr'>perstringens,⁸</span> 
     </span>
     <span class='ocr_line' id='line_1_46' title="bbox 192 3339 1127 3407; baseline 0.003 -19"><span class='ocrx_word' id='word_1_471' title='bbox 192 3350 219 3388; x_wconf 89' lang='lat' dir='ltr'>ut</span> <span class='ocrx_word' id='word_1_472' title='bbox 240 3345 321 3390; x_wconf 80' lang='lat' dir='ltr'>rodere</span> <span class='ocrx_word' id='word_1_473' title='bbox 338 3344 398 3390; x_wconf 81' lang='lat' dir='ltr'>litus.</span> <span class='ocrx_word' id='word_1_474' title='bbox 410 3339 678 3407; x_wconf 74' lang='lat' dir='ltr'>-[1nleriorc-gpro]</span> <span class='ocrx_word' id='word_1_475' title='bbox 702 3346 843 3392; x_wconf 86' lang='lat' dir='ltr'>‘solstitium</span> <span class='ocrx_word' id='word_1_476' title='bbox 864 3346 965 3392; x_wconf 86' lang='lat' dir='ltr'>hiemale</span> <span class='ocrx_word' id='word_1_477' title='bbox 983 3347 1048 3393; x_wconf 87' lang='lat' dir='ltr'>lente</span> <span class='ocrx_word' id='word_1_478' title='bbox 1067 3346 1127 3392; x_wconf 86' lang='lat' dir='ltr'>ducit</span> 
     </span>
     <span class='ocr_line' id='line_1_47' title="bbox 192 3407 1126 3470; baseline 0.004 -18"><span class='ocrx_word' id='word_1_479' title='bbox 192 3407 262 3463; x_wconf 89' lang='lat' dir='ltr'>diem,</span> <span class='ocrx_word' id='word_1_480' title='bbox 275 3407 315 3467; x_wconf 92' lang='lat' dir='ltr'>qui</span> <span class='ocrx_word' id='word_1_481' title='bbox 327 3409 378 3468; x_wconf 82' lang='lat' dir='ltr'>jam</span> <span class='ocrx_word' id='word_1_482' title='bbox 388 3409 517 3454; x_wconf 81' lang='lat' dir='ltr'>breviorem</span> <span class='ocrx_word' id='word_1_483' title='bbox 529 3408 647 3469; x_wconf 88' lang='lat' dir='ltr'>horarum,</span> <span class='ocrx_word' id='word_1_484' title='bbox 655 3409 739 3470; x_wconf 87' lang='lat' dir='ltr'>quibus</span> <span class='ocrx_word' id='word_1_485' title='bbox 750 3412 784 3456; x_wconf 94' lang='lat' dir='ltr'>sol</span> <span class='ocrx_word' id='word_1_486' title='bbox 795 3411 864 3466; x_wconf 90' lang='lat' dir='ltr'>lucet,</span> <span class='ocrx_word' id='word_1_487' title='bbox 874 3411 986 3457; x_wconf 88' lang='lat' dir='ltr'>circulum</span> <span class='ocrx_word' id='word_1_488' title='bbox 997 3411 1107 3457; x_wconf 87' lang='lat' dir='ltr'>describit</span> <span class='ocrx_word' id='word_1_489' title='bbox 1112 3410 1126 3464; x_wconf 85' lang='lat'>;&#39;</span> 
     </span>
     <span class='ocr_line' id='line_1_48' title="bbox 192 3471 1127 3537; baseline 0.005 -22"><span class='ocrx_word' id='word_1_490' title='bbox 192 3480 219 3517; x_wconf 91' lang='lat' dir='ltr'>ut</span> <span class='ocrx_word' id='word_1_491' title='bbox 234 3472 296 3518; x_wconf 89' lang='lat' dir='ltr'>inter</span> <span class='ocrx_word' id='word_1_492' title='bbox 313 3475 391 3532; x_wconf 87' lang='lat' dir='ltr'>plures</span> <span class='ocrx_word' id='word_1_493' title='bbox 408 3471 515 3528; x_wconf 88' lang='lat' dir='ltr'>circulos,</span> <span class='ocrx_word' id='word_1_494' title='bbox 534 3471 619 3531; x_wconf 87' lang='lat' dir='ltr'>quibus</span> <span class='ocrx_word' id='word_1_495' title='bbox 635 3475 698 3520; x_wconf 82' lang='lat' dir='ltr'>idem</span> <span class='ocrx_word' id='word_1_496' title='bbox 716 3485 753 3522; x_wconf 90' lang='lat' dir='ltr'>est</span> <span class='ocrx_word' id='word_1_497' title='bbox 768 3485 883 3535; x_wconf 88' lang='lat' dir='ltr'>centrum,</span> <span class='ocrx_word' id='word_1_498' title='bbox 901 3475 1024 3522; x_wconf 87' lang='lat' dir='ltr'>interiores</span> <span class='ocrx_word' id='word_1_499' title='bbox 1039 3489 1127 3537; x_wconf 91' lang='lat' dir='ltr'>semper</span> 
     </span>
     <span class='ocr_line' id='line_1_49' title="bbox 193 3536 606 3596; baseline 0.012 -17"><span class='ocrx_word' id='word_1_500' title='bbox 193 3536 286 3582; x_wconf 80' lang='lat' dir='ltr'>brevius</span> <span class='ocrx_word' id='word_1_501' title='bbox 297 3539 396 3596; x_wconf 81' lang='lat' dir='ltr'>spatium</span> <span class='ocrx_word' id='word_1_502' title='bbox 408 3536 606 3584; x_wconf 84' lang='lat' dir='ltr'>circumscribunt.</span> 
     </span>
    </p>

    <p class='ocr_par' dir='ltr' id='par_1_14' title="bbox 194 3599 1127 3731">
     <span class='ocr_line' id='line_1_50' title="bbox 226 3599 1127 3665; baseline 0.003 -18"><span class='ocrx_word' id='word_1_503' title='bbox 226 3599 265 3654; x_wconf 86' lang='grc'>27,</span> <span class='ocrx_word' id='word_1_504' title='bbox 283 3602 321 3647; x_wconf 86' lang='grc'><strong>28.</strong></span> <span class='ocrx_word' id='word_1_505' title='bbox 346 3599 486 3664; x_wconf 82' lang='lat' dir='ltr'>[Postmodo]</span> <span class='ocrx_word' id='word_1_506' title='bbox 508 3603 601 3652; x_wconf 79' lang='lat' dir='ltr'>‘Quum</span> <span class='ocrx_word' id='word_1_507' title='bbox 618 3603 769 3662; x_wconf 86' lang='lat' dir='ltr'>pronuntisro</span> <span class='ocrx_word' id='word_1_508' title='bbox 784 3604 915 3664; x_wconf 86' lang='lat' dir='ltr'>sponsionis</span> <span class='ocrx_word' id='word_1_509' title='bbox 930 3604 1127 3665; x_wconf 61' lang='lat' dir='ltr'>formulamque</span> 
     </span>
     <span class='ocr_line' id='line_1_51' title="bbox 194 3660 1127 3731; baseline 0.01 -24"><span class='ocrx_word' id='word_1_510' title='bbox 194 3660 298 3721; x_wconf 80' lang='lat' dir='ltr'>sortasse,</span> <span class='ocrx_word' id='word_1_511' title='bbox 311 3667 350 3713; x_wconf 88' lang='lat' dir='ltr'>ubl</span> <span class='ocrx_word' id='word_1_512' title='bbox 361 3667 468 3716; x_wconf 88' lang='lat' dir='ltr'>creditori</span> <span class='ocrx_word' id='word_1_513' title='bbox 482 3681 497 3714; x_wconf 84' lang='lat' dir='ltr'>a</span> <span class='ocrx_word' id='word_1_514' title='bbox 513 3681 549 3714; x_wconf 83' lang='lat' dir='ltr'>ruo</span> <span class='ocrx_word' id='word_1_515' title='bbox 562 3666 751 3715; x_wconf 77' lang='lat' dir='ltr'>setbfaciendum</span> <span class='ocrx_word' id='word_1_516' title='bbox 760 3670 812 3726; x_wconf 87' lang='lat' dir='ltr'>erit,</span> <span class='ocrx_word' id='word_1_517' title='bbox 827 3669 948 3717; x_wconf 88' lang='lat' dir='ltr'>sidebitor</span> <span class='ocrx_word' id='word_1_518' title='bbox 957 3669 1008 3731; x_wconf 86' lang='lat' dir='ltr'>ipse</span> <span class='ocrx_word' id='word_1_519' title='bbox 1018 3671 1127 3718; x_wconf 83' lang='lat' dir='ltr'>rolreodo</span> 
     </span>
    </p>
   </div>
   <div class='ocr_carea' id='block_1_11' title="bbox 0 0 1237 4059">
    <p class='ocr_par' dir='ltr' id='par_1_15' title="bbox 0 0 1237 4059">
     <span class='ocr_line' id='line_1_52' title="bbox 0 0 1237 4059; baseline 0 0"><span class='ocrx_word' id='word_1_520' title='bbox 0 0 1237 4059; x_wconf 95' lang='lat' dir='ltr'> </span> 
     </span>
    </p>
   </div>
  </div>
 </body>
</html>
