2442 4059
394 266 591 313 sarrnsaum
614 268 681 311 ma.
698 268 735 311 rr.
750 252 781 312 3.
1013 252 1056 313 37

122 416 242 483 Stultus
257 429 289 483 et
303 417 436 483 insanus.
481 418 591 492 Quid?
613 419 639 483 si
654 419 723 504 quis
737 442 798 483 non
815 417 856 483 sit
869 438 987 496 avarus,

121 505 280 569 Continuo
294 503 408 569 sanus?
437 504 580 569 Minime.
610 505 685 580 Cur,
703 504 832 569 Stoice?
860 504 981 569 Dicam.
996 510 1056 569 160

119 589 194 653 Nou
210 604 257 655 est
272 590 425 655 cardiacus
444 592 622 674 (Craterum
637 591 750 655 dixisse
766 593 886 676 putato)

120 675 186 739 Hic
199 700 292 761 aeger.
339 676 437 741 Recte
453 693 500 740 est
515 677 619 763 igitur,
636 675 830 762 surgetque?
875 676 1027 764 Negabit;

120 761 215 836 Quod
232 763 310 827 latus
324 776 378 827 aut
391 785 480 826 renes
495 764 601 827 morbo
617 775 772 827 tententur
786 776 885 827 acuto.

119 847 193 911 Non
210 861 257 913 est
271 849 421 934 perjurus,
439 872 539 934 neque
555 848 711 912 sordidus:
735 849 873 913 immolet
886 850 982 934 aequis
997 853 1057 913 164

120 933 185 997 Hic
200 956 325 1019 porcum
343 934 483 999 Laribus.
529 933 647 997 Verum
662 935 840 999 ambitiosus
854 948 886 998 et
900 936 1010 1000 audax.

119 1019 260 1105 Naviget
275 1020 477 1107 Anticyram:
502 1020 576 1105 quid
591 1020 674 1084 enim
690 1020 801 1097 differt,
820 1021 1000 1085 barathrone

118 1104 241 1182 Dones,
258 1106 407 1191 quidquid
424 1106 533 1180 habes;
557 1129 595 1171 an
612 1126 769 1191 nunquam
787 1120 871 1171 utare
886 1106 1021 1192 paratis?

121 1191 248 1256 Servius
264 1190 419 1277 Oppidius
436 1192 551 1256 Canusi
566 1192 628 1255 duo
642 1194 765 1277 praedia,
781 1193 866 1257 dives

120 1278 263 1362 Antiquo
279 1300 382 1355 censu,
400 1278 479 1342 natis
494 1278 606 1343 divisse
621 1278 740 1343 duobus

121 1362 244 1439 Fertur,
261 1377 292 1429 et
307 1364 373 1429 haec
388 1364 521 1428 moriens
536 1364 639 1448 pueris
653 1366 766 1429 dixisse
781 1364 895 1431 vocatis
996 1370 1056 1432 170

119 1449 173 1513 Ad
188 1449 321 1515 lectum:
348 1449 516 1534 Postquam
532 1463 561 1513 te
577 1450 663 1526 talos,
682 1451 775 1526 Aule,
791 1473 947 1538 nucesque

121 1534 217 1598 Ferre
232 1536 302 1599 sinu
317 1535 397 1611 laxo,
413 1537 526 1599 donare
542 1548 574 1600 et
588 1536 694 1600 ludere
710 1537 791 1611 vidi;

119 1620 182 1697 Te,
199 1620 319 1697 Tiberi,
335 1645 507 1696 numerare,
523 1621 605 1685 cavis
620 1622 805 1685 abscondere
820 1623 958 1689 tristem:

119 1704 272 1783 Extimui,
289 1730 329 1771 ue
344 1730 398 1771 vos
412 1720 520 1793 ageret
535 1708 659 1772 vesania
673 1708 802 1783 discors;

118 1792 174 1855 Tu
189 1792 432 1870 Nomentanum,
448 1809 482 1861 tu
497 1816 537 1856 ne
552 1816 716 1879 sequerere
734 1795 886 1860 Cicutam.
994 1804 1054 1863 175

120 1878 227 1953 Quare
242 1902 297 1965 per
312 1880 397 1943 divos
412 1894 514 1944 oratus
531 1892 660 1965 uterque
676 1881 821 1961 Penates,

119 1964 174 2028 Tu
190 1988 272 2042 cave,
290 1988 329 2028 ne
345 1966 483 2041 minuas;
507 1978 550 2042 tu,
567 1989 606 2030 ne
622 1969 720 2052 majus
734 1967 827 2031 facias
841 1967 882 2045 id,

121 2049 217 2124 Quod
232 2051 304 2115 satis
319 2074 386 2115 esse
401 2064 488 2137 putat
504 2065 599 2137 pater,
617 2064 649 2116 et
664 2067 771 2118 natura
785 2069 916 2121 coercet.

121 2134 288 2214 Praeterea,
305 2160 344 2201 ne
359 2160 413 2201 vos
429 2138 533 2202 titillet
546 2138 653 2223 gloria,
664 2140 751 2223 jure·

118 2221 139 2285 J
144 2223 259 2287 urando
274 2223 463 2310 obstringam
478 2224 585 2287 amhn:
611 2238 679 2287 uter
693 2224 799 2301 aedilis,
815 2227 947 2292 fueritve
996 2229 1055 2291 180

120 2307 269 2373 Vestrhm
284 2323 405 2395 praetor,
422 2310 447 2373 is
462 2309 645 2373 intestabilis
659 2325 691 2375 et
704 2333 789 2373 sacer
804 2325 878 2376 esto.

119 2394 159 2457 In
176 2394 274 2459 cicere
289 2408 383 2480 atque
398 2395 467 2461 faba
485 2396 563 2459 bona
579 2409 613 2459 tu
629 2396 799 2481 perdasque
814 2396 938 2482 lupinis,

120 2479 220 2545 Latus
236 2494 270 2546 ut
284 2481 315 2544 in
331 2482 411 2545 circo
426 2480 568 2566 spatiere,
585 2494 618 2545 et
631 2504 735 2546 aeneus
751 2496 784 2546 ut
798 2496 870 2560 stes,

119 2565 235 2631 Nudus
248 2566 340 2654 agris,
357 2567 458 2631 nudus
473 2567 615 2643 nummis,
632 2568 747 2646 insane,
764 2570 917 2654 pateruis3

120 2652 258 2728 Scilicet,
276 2667 310 2717 ut
325 2653 458 2738 plausus,
476 2676 552 2737 quos
567 2655 626 2717 fert
643 2654 791 2739 Agrippa,
808 2657 887 2720 feras
901 2668 946 2732 tu,
996 2659 1055 2720 las

119 2738 236 2803 Astuta
250 2739 421 2825 ingenuum
437 2739 544 2823 vulpes
558 2738 676 2804 imitata
692 2740 821 2803 leonem.

120 2822 174 2888 Ne
188 2825 258 2910 quis
273 2825 413 2889 humasse
428 2825 504 2888 velit
519 2826 659 2908 Ajacem,
676 2826 794 2901 Atrida,
810 2839 895 2892 vetas
909 2826 988 2892 cur?

120 2909 193 2973 Rex
209 2934 287 2974 sum.
333 2910 387 2973 Nil
404 2911 482 2974 ultra
495 2933 598 2995 quaero
614 2911 762 2995 plebeius.
807 2912 850 2977 Et
863 2935 982 2998 aequam

120 2994 205 3059 Rem
220 2996 380 3082 imperito:
404 3019 450 3073 ac,
466 2997 492 3059 si
507 2996 557 3059 cui
572 2997 678 3061 videor
692 3021 753 3061 non
764 2999 877 3083 justus,
893 3001 992 3065 inulto

117 3080 248 3159 Dicere,
265 3082 347 3167 quod
361 3084 466 3158 sentis,
483 3082 636 3166 permitto.
682 3084 822 3147 Maxime
838 3109 955 3172 regum,
996 3089 1056 3148 190

117 3167 167 3231 Dr
182 3168 238 3232 tibi
253 3168 328 3233 dent
342 3170 433 3255 captiv
447 3167 573 3232 classem
588 3169 734 3233 reducere
750 3170 867 3256 Trojri!

118 3251 209 3341 Ergo
223 3254 382 3319 consulere
398 3267 430 3318 et
445 3276 515 3317 mox
532 3254 716 3339 respondere
733 3255 861 3320 licebit?

117 3338 267 3403 Consule.
314 3340 379 3404 Cur
396 3343 478 3425 Ajax
494 3339 582 3404 heros
596 3341 635 3405 ab
651 3341 773 3406 Achille
788 3344 941 3407 secundus

117 3422 286 3502 Putrescit,
303 3425 393 3490 toties
407 3425 535 3490 servatis
550 3425 649 3489 clarus
665 3428 817 3491 Achivis?
995 3432 1057 3493 194

118 3510 266 3575 Gaudeat
281 3524 314 3577 ut
329 3512 460 3596 populus
478 3510 592 3575 Priami
611 3512 813 3597 Priamusque
828 3512 997 3591 inhumato,

118 3595 184 3661 Per
199 3620 294 3683 quem
310 3610 355 3664 tot
365 3600 499 3681 juvenes
513 3597 611 3682 patrio
627 3620 751 3661 caruere
766 3596 930 3681 sepulcro?
