2442 4059
366 254 604 299 sersronnrruru
627 255 694 299 nra.
711 258 734 301 1.
752 240 780 301 1.
1003 240 1045 299 55

102 402 178 469 Non
193 404 291 492 possis
306 406 395 470 oculo
409 418 559 493 quantum
574 406 761 471 contendere
777 406 935 494 Lynceus,

97 490 178 641 {gon
195 506 298 557 tamen
314 490 427 557 idcirco
442 505 621 559 contemnas
634 492 737 579 lippus
751 494 882 581 inungi3

138 600 184 654 ec,
202 576 276 662 quia
290 578 434 663 desperes
449 579 556 644 invicti
570 580 710 644 membra
726 578 887 665 Glyconis,

103 662 233 728 Nodosa
249 686 359 750 eorpus
373 664 453 729 nolis
467 664 630 749 prohibere
645 664 803 750 cheragra.

104 748 165 813 Est
179 749 311 835 quadam
327 750 450 835 prodire
464 762 564 828 tenus,
580 750 607 815 si
622 773 684 815 non
696 750 786 815 datur
800 751 889 816 ultra.
1004 756 1047 817 25

106 834 225 900 Fervet
238 836 365 900 avaritia
382 836 556 922 miseroque
572 836 718 922 cupidine
733 850 860 922 peetus:

107 921 191 986 Sunt
205 921 300 986 verba
313 934 346 987 et
361 944 461 999 voees,
477 923 590 1007 quibus
604 923 688 988 hunc
701 923 799 988 lenire
815 923 951 988 dolorem

107 1006 223 1083 Possis,
240 1022 272 1072 et
285 1030 430 1093 magnam
445 1008 542 1073 morbi
557 1009 713 1095 deponere
728 1021 858 1095 partem.

107 1092 225 1158 Laudis
239 1115 342 1158 amore
357 1093 483 1159 tumes?
504 1107 577 1159 sunt
591 1108 675 1160 certa
711 1094 819 1173 iacula,
837 1119 907 1182 quae
921 1108 953 1162 te

107 1178 174 1243 Ter
213 1202 267 1244 ure
282 1179 362 1245 lecto
377 1191 523 1265 poterunt
537 1203 676 1245 recreare
689 1118 805 1247 iibello.
1006 1187 1049 1247 30

106 1202 248 1343 Invidus,
264 1265 437 1343 iracundus,
453 1266 545 1344 iners,
562 1268 697 1343 vinosus,
712 1280 840 1345 amator,

109 1350 212 1415 Nemo
227 1350 305 1416 adeo
319 1352 402 1416 ferus
417 1363 473 1429 est,
489 1365 601 1417 utnon
616 1351 778 1418 mitescere
792 1352 898 1439 possit,

110 1436 145 1501 si
159 1435 253 1502 modo
268 1438 396 1503 culturae
410 1438 580 1523 patientem
595 1439 770 1504 commodet
784 1461 900 1505 aurem.

108 1523 218 1587 Virtus
233 1535 280 1588 est
294 1524 403 1587 vitium
418 1524 451 1587 su
476 1547 540 1601 ere,
556 1537 588 1589 et
601 1524 753 1610 sapientia
768 1526 867 1610 prima

110 1608 251 1674 stultitia
266 1610 409 1675 caruisse.
452 1548 560 1688 Vides,
578 1631 648 1696 quae
663 1610 796 1675 maxima
810 1611 908 1675 credis
1007 1616 1049 1677 35

110 1694 188 1759 Esse
205 1695 294 1772 mala,
310 1696 459 1782 exiguum
475 1719 612 1773 censum,
628 1706 813 1782 turpemque
828 1696 992 1784 repulsam,

111 1780 240 1857 Quanto
254 1781 372 1846 devites
385 1780 481 1846 animi
495 1781 667 1869 capitisque
681 1781 802 1847 labore:

109 1865 252 1954 Impiger
265 1880 419 1933 extremos
434 1868 530 1933 curris
544 1880 695 1933 mercator
709 1868 747 1933 ad
764 1868 867 1946 Indos,

110 1952 173 2017 Per
187 1976 273 2018 mare
287 1954 467 2040 pauperiem
481 1953 617 2041 fugiens
630 1977 689 2055 per
703 1976 786 2032 saxa,
802 1977 858 2041 per
872 1956 981 2043 igneae

110 2037 161 2103 Ne
176 2062 266 2105 eures
281 2063 327 2116 ea,
344 2062 414 2125 quae
428 2041 521 2105 stulte
535 2039 655 2105 mirans
669 2052 701 2105 et
715 2053 812 2126 optas,
1008 2045 1050 2103 40

109 2123 243 2189 Discere
259 2136 292 2189 et
305 2126 411 2189 audire
427 2138 460 2190 et
473 2126 593 2190 meliori
608 2126 734 2191 credere
748 2149 811 2191 non
826 2125 896 2191 vis?

111 2209 193 2286 Quis
208 2210 323 2275 circum
338 2233 434 2297 pagos
449 2223 481 2277 et
496 2212 611 2277 circum
626 2212 760 2299 compita
774 2234 903 2297 pugnax

111 2296 234 2383 Magna
248 2298 386 2362 coronari
401 2309 578 2363 contemnat
593 2297 753 2384 Olympia,
770 2298 820 2361 eui
834 2319 915 2447 spes,

111 2382 174 2447 Cui
189 2384 230 2447 sit
245 2382 379 2447 conditio
393 2383 492 2448 duleis
506 2384 573 2449 sine
587 2384 716 2469 pulvere
731 2383 841 2469 palmae

89 2478 92 2485 '
111 2468 214 2533 Vilius
228 2481 393 2555 argentum
408 2482 554 2547 estante,
569 2469 736 2533 virtutibus
749 2491 869 2533 aurum.
1008 2474 1050 2533 45

112 2554 143 2618 Ο
158 2555 252 2631 cives,
269 2553 370 2621 cives!
394 2554 559 2640 quaerenda
573 2554 706 2640 pecunia
720 2555 854 2640 primum
869 2566 926 2631 est,

111 2640 221 2705 Virtus
235 2653 305 2727 post
319 2640 479 2707 nummos!
503 2641 569 2706 haee
583 2641 682 2705 Janus
696 2662 833 2727 summus
847 2641 886 2706 ab
901 2642 964 2705 imo

112 2725 284 2804 Producet3
307 2727 373 2791 haec
387 2725 531 2792 recinunt
540 2728 674 2813 juvenes
688 2726 802 2791 dictata
815 2749 979 2813 senesque,

112 2810 210 2876 Laevo
223 2813 365 2899 suspensi
382 2811 496 2877 loculos
511 2812 709 2898 tabulamque
724 2811 848 2878 lacerto.

113 2896 172 2962 Est
185 2898 307 2963 animus
322 2898 389 2975 tibi,
405 2911 478 2963 sunt
492 2921 602 2974 mores,
620 2911 652 2963 et
665 2898 773 2999 lingua
787 2898 937 2985 fidesque,
1011 2904 1053 2962 50

114 2982 176 3047 Sed
193 2983 428 3071 quadringentis
442 3007 498 3049 sex
509 2995 633 3134 septem
647 2985 745 3049 millia
759 2984 889 3049 desuntt

113 3068 210 3134 Plebs
225 3070 296 3135 eris.
341 3070 387 3134 At
400 3071 489 3155 pueri
503 3071 535 3134 lu
558 3083 655 3147 entes,
673 3069 745 3133 Rex
761 3071 830 3148 eris,
846 3072 943 3149 aiunt,

113 3155 149 3220 Si
164 3167 250 3220 recte
264 3156 367 3221 facies.
413 3156 478 3221 Hic
492 3178 598 3221 murus
612 3178 728 3221 aeneus
743 3170 819 3231 esto,

112 3240 168 3306 Nil
184 3243 323 3306 conscire
337 3243 406 3321 sibi,
422 3243 507 3307 nulld
522 3243 691 3329 pallescere
706 3243 807 3328 culpi.

114 3327 240 3405 Roscia,
257 3327 307 3392 dic
321 3329 420 3407 sodes,
436 3329 544 3393 melior
559 3329 621 3405 lex,
637 3352 677 3393 an
692 3351 858 3429 puerorum
873 3338 921 3392 est
1014 3330 1054 3389 55

113 3413 229 3491 Nenia,
248 3436 319 3498 quae
333 3438 463 3502 regnum
478 3427 562 3480 recte
577 3415 761 3480 facientibus
775 3415 876 3489 offert,

114 3498 157 3563 Et
171 3499 308 3564 maribus
325 3501 429 3565 Curiis
444 3515 476 3566 et
490 3502 654 3566 decantata
670 3498 833 3567 Camillis?

112 3584 186 3651 Isue
202 3585 261 3651 tibi
275 3586 386 3653 melius
400 3586 519 3664 suadet,
535 3586 589 3672 qui
603 3609 671 3650 rem
685 3585 788 3661 facias,
804 3604 879 3658 rem,

564 3677 623 3734 nd
