2442 4059
360 262 601 315 uersronaauru
624 263 692 307 ma.
708 264 732 316 1,
749 249 779 321 9,
798 247 846 307 10.
1034 246 1075 306 67

239 571 402 617 EPISTOLA
425 574 563 617 IX.-AD
586 574 768 619 CLAUDIUM
792 573 975 619 NERONEM·

131 704 314 791 Septimius,
333 704 455 784 Claudi,
472 705 617 770 nimirum
633 706 782 794 intelligit
796 728 886 784 unus,

130 789 254 866 Quanti
269 814 319 856 me
334 792 447 856 facias:
470 814 552 871 nam,
569 815 666 878 quum
682 806 781 880 rogat,
798 805 830 857 et
843 815 935 879 prece
950 793 1045 879 cogit,

132 877 262 943 Scilicet
276 890 311 942 ut
325 876 382 942 tibi
397 900 430 942 se
445 876 569 943 laudare
585 892 618 943 et
633 879 753 944 tradere
768 901 871 956 coner,

128 962 276 1049 Dignum
292 977 399 1028 mente
414 963 568 1050 domoque
583 965 718 1051 legentis
733 965 862 1029 honesta
876 964 1031 1041 Neronis3

130 1047 270 1113 Munere
286 1072 382 1134 quum
397 1050 487 1137 fungi
501 1050 653 1137 propioris
667 1064 775 1116 censet
788 1050 890 1128 amici,
1054 1055 1074 1113 5

131 1134 219 1209 Quid
235 1136 360 1221 possim,
376 1136 461 1202 videt
474 1160 511 1201 ac
525 1137 612 1202 novit
626 1160 677 1202 me
692 1138 811 1201 valdius
826 1137 903 1222 ipso.

87 1246 91 1255 ·
130 1220 240 1289 Multa
253 1221 378 1323 quidem
394 1222 469 1301 dixi,
486 1246 541 1287 cur
556 1235 719 1288 excusatus
734 1223 871 1288 abirem:

130 1306 194 1371 Sed
210 1307 308 1386 timui,
324 1331 393 1373 mea
407 1330 448 1373 ne
462 1308 588 1374 finxisse
603 1309 721 1374 minora
736 1321 871 1395 putarer,

126 1392 351 1458 Dissimulator
366 1394 433 1496 opis
448 1395 588 1481 propriae‚
603 1396 680 1459 mihi
695 1395 873 1460 commodus
888 1396 952 1459 uni.

130 1478 186 1543 Sic
199 1501 269 1565 ego,
286 1482 409 1565 majoris
423 1480 548 1569 fugiens
563 1481 728 1582 opprobria
742 1482 851 1567 culpae,
1034 1486 1074 1545 10

129 1564 256 1629 Frontis
270 1566 308 1629 ad
324 1566 449 1631 urbanae
464 1568 610 1631 descendi
626 1567 760 1652 praemia.
807 1566 929 1643 Quodsi

129 1648 319 1736 Depositum
334 1653 440 1718 laudas
455 1654 495 1718 ob
510 1653 601 1717 amici
611 1654 699 1738 jussa
713 1652 872 1740 pudorem,

132 1737 240 1802 Scribe
256 1738 301 1802 tui
315 1737 422 1827 gregis
437 1738 530 1816 hunc,
547 1750 579 1804 et
592 1740 705 1805 fortem
719 1739 810 1803 crede
824 1739 1013 1827 bonumque.

505 1942 680 1955 ----

267 2095 432 2140 EPISTOLA
454 2096 578 2139 x.-A1>
601 2095 739 2141 FUSCUM
761 2095 940 2142 Amsrrum.

129 2226 228 2293 Urbis
242 2239 410 2292 amatorem
427 2228 563 2294 Fuscum
577 2229 696 2295 salvere
707 2228 854 2315 jubemus

130 2313 227 2377 Ruris
241 2326 402 2391 amatores,
418 2314 475 2379 hac
489 2315 521 2378 in
536 2337 571 2380 re
585 2314 705 2380 scilicet
721 2314 781 2378 uni

129 2398 271 2465 Multum
286 2400 458 2477 dissimiles,
475 2401 513 2465 ad
529 2412 633 2465 cetera
647 2422 737 2486 paene
752 2397 903 2486 gemelli,

129 2485 290 2575 Fraternis
304 2486 413 2550 animis
429 2486 577 2573 quicquid
591 2499 688 2572 negat
701 2486 789 2563 alter,
806 2498 839 2551 et
851 2485 948 2551 alter:

128 2570 308 2636 Annuimus
323 2572 437 2657 pariter
451 2573 547 2637 vetuli
562 2573 691 2658 notique
706 2571 850 2637 columbi.
1052 2577 1072 2635 5

128 2656 183 2721 Tu
198 2657 305 2722 nidum
322 2680 445 2735 servas3
461 2682 521 2745 ego
535 2659 628 2724 laudo
643 2658 721 2724 ruris
735 2658 850 2723 amoeni

128 2742 238 2820 Rivos,
255 2750 406 2809 et'musco
422 2744 593 2810 circumlita
607 2768 682 2810 saxa
696 2767 879 2830 nemusque.

128 2828 216 2903 Quid
231 2829 369 2915 quaeris?
391 2828 462 2894 vivo
478 2844 510 2895 et
522 2854 631 2918 regno,
647 2830 739 2896 simul
754 2830 813 2895 ista
827 2829 949 2917 reliqui,

127 2915 212 2990 Quae
226 2938 280 2979 vos
294 2916 332 2980 ad
348 2917 461 2981 coelum
477 2917 563 2982 sertis
577 2940 701 2981 rumore
716 2916 862 2995 secundo,

126 3000 238 3087 thue
253 3002 419 3067 sacerdotis
434 3003 585 3088 fugitivus
600 3002 664 3068 liba
678 3026 805 3067 recuso:
1032 3005 1071 3065 10

125 3086 216 3150 Pane
232 3110 321 3174 egeo,
331 3090 397 3175 jam
412 3088 538 3153 mellitis
552 3089 672 3175 potiore
686 3088 847 3174 placentis.

123 3172 244 3236 Vivere
259 3188 377 3240 naturae
391 3174 417 3240 si
434 3176 654 3253 convenienter
669 3186 801 3260 oportet,
822 3205 823 3208 ¹

124 3258 351 3345 Ponendaeque
367 3260 458 3325 domo
473 3260 640 3347 quaerenda
655 3273 702 3325 est
716 3283 789 3325 area
803 3260 947 3349 primum,

124 3344 293 3409 Novistine
309 3346 410 3411 locum
425 3348 577 3432 potiorem
591 3370 663 3411 rure
678 3345 795 3412 beato?

123 3429 187 3494 Est
201 3430 254 3494 ubi
270 3431 339 3517 plus
355 3443 482 3517 tepeant
496 3432 640 3497 hiemes?
662 3431 716 3497 ubi
731 3431 847 3517 gratior
861 3452 936 3495 aura
1032 3434 1071 3494 15

124 3515 243 3581 Leniat
258 3530 290 3582 et
304 3518 421 3583 rabiem
439 3517 544 3595 Canis,
561 3530 592 3584 et
605 3532 762 3583 momenta
777 3516 904 3592 Leonis,

124 3600 236 3677 Quum
251 3603 349 3669 semel
363 3604 484 3691 accepit
501 3604 606 3669 Solem
621 3602 806 3668 furibundus
819 3600 969 3666 acutum?
