2442 4059
145 219 200 260 m.
212 205 232 255 i.
243 203 279 268 9.]
477 204 758 256 INTuarRss'rAtlo.
1031 203 1094 268 135

145 364 235 406 emant.
267 358 372 406 Dedecus
388 358 446 406 enim
463 358 560 404 iubetur
575 357 762 417 opprobriumque
778 357 890 412 οιηὶἱνοι,
900 352 989 416 solerer
1005 357 1035 405 ab
1050 358 1094 405 illd

146 425 237 472 volucre
248 425 272 470 in
282 425 328 470 oite
339 423 482 482 deprehendi,
494 428 520 470 ut
530 423 557 469 ob
568 423 593 468 id
602 423 735 482 petulurtiae
746 422 805 468 eules
814 423 884 468 etiam
895 436 944 468 cunr
958 423 1032 481 primo
1041 437 1093 470 uere

145 489 267 536 ludantur.
301 487 365 546 Ergo
380 487 454 534 viator
471 487 603 547 petulanter
620 486 814 532 vindemiatorem
831 486 940 532 cuculum
958 495 1032 541 vocat,
1051 487 1093 534 aed

148 553 206 600 talia
225 561 319 611 temque
338 553 420 598 acerba
438 559 462 598 et
480 551 649 598 contumeliosa
667 565 779 611 reaponea
796 549 848 607 sert,
869 560 895 596 ut
912 565 955 596 nec
969 550 1032 598 eirea
1050 566 1094 598 nec

147 626 241 677 tempue
252 617 340 664 habeat
355 631 383 662 ea
393 614 516 672 reddendi,
532 617 573 663 aed
583 616 695 675 fatigatur
711 617 806 663 tandem
821 615 887 662 inani
902 615 1051 662 altercatione
1062 617 1093 663 ad
1122 629 1127 640 ’

147 696 192 730 aua
209 682 305 740 negotia
319 683 395 736 abeam,
407 681 562 728 vindemlator
578 681 652 728 victor
667 676 880 740 eredat.-[Italo
895 677 973 740 aceto]
991 681 1093 730 ‘selibur

147 761 204 796 vere
213 747 311 801 Latinis,
318 745 429 794 aculeatis
435 754 459 792 et
467 741 754 806 mordacibua’-[reger]
767 745 890 801 Creearem,
902 755 928 791 ut
937 745 1093 805 Tarquinium
1127 759 1138 782 ⁶
1165 778 1168 783 »

148 813 282 872 Superbum
301 811 328 857 1..
345 811 432 857 iunius
453 811 547 867 Brutur,
568 825 582 856 a
599 825 646 869 quo
661 810 758 868 etirpem
778 810 864 859 ducere
880 810 950 869 vulgo
966 813 1093 870 putabatur

145 876 186 926 M·
197 872 575 938 Brutua-[operuaantaoruu]
588 890 677 930 unum,
693 875 751 922 ‘hoc
762 882 785 922 te
795 874 894 934 dignum
905 875 955 922 eet!

495 1070 617 1120 SA'llRA
632 1070 678 1119 lx.

182 1199 291 1251 Araura.
300 1199 408 1261 Vulgarir
419 1199 509 1260 opinio,
518 1201 565 1261 qui
575 1201 626 1248 hac
637 1199 709 1248 urire
719 1199 767 1246 eive
777 1198 864 1247 mirone
875 1209 912 1246 eat
921 1214 952 1245 ex
963 1200 1092 1260 Sophronia

146 1280 245 1326 genere,
262 1267 350 1326 garruli
367 1265 547 1326 descriptionem
564 1265 684 1314 continere
698 1273 801 1325 putatur,
817 1265 897 1325 procul
914 1265 985 1310 dubio
1001 1280 1015 1312 e
1031 1269 1093 1314 male

147 1331 269 1380 intellecto
277 1345 298 1377 e.
306 1330 339 1380 33
350 1341 401 1376 orta
411 1338 454 1377 eet.
480 1331 526 1378 Sed
535 1331 614 1391 potiue
625 1331 669 1377 hoe
680 1327 725 1376 eibi
736 1339 829 1390 poetam
840 1329 985 1390 proposuisse
996 1331 1092 1390 clarum,

147 1405 185 1442 eet
196 1405 222 1444 ut
232 1403 307 1444 certor
315 1396 429 1454 quaedam
441 1395 547 1442 homines
556 1395 673 1443 derideret
679 1404 750 1453 atque
761 1395 786 1440 in
794 1402 913 1456 porterum
922 1409 969 1442 eae
980 1396 1092 1454 abigeret,

147 1460 191 1521 qui
203 1460 289 1522 judicii
305 1461 447 1520 elegantiam
463 1469 487 1507 et
503 1460 618 1520 poetieam
633 1459 769 1507 facultatem
785 1461 1092 1520 affectanteaatqueerem·

147 1527 216 1586 plum
234 1525 326 1585 Virgilii
344 1525 482 1584 lloratiique
499 1525 603 1574 amuleti
619 1525 645 1572 in
665 1525 800 1574 blacenatie
816 1525 996 1572 familiaritatem
1013 1541 1038 1572 ee
1055 1526 1092 1575 in·

148 1591 245 1638 trudere
257 1598 397 1638 conarentur
408 1600 439 1647 et,
450 1605 497 1650 quo
508 1590 594 1638 certina
608 1591 652 1637 boc
668 1597 855 1649 assequerentur,
871 1591 921 1637 aine
938 1592 986 1636 ullo
1003 1592 1092 1650 pudore

150 1655 258 1715 nihilque
268 1664 382 1711 verenter,
395 1670 424 1702 ne
436 1656 506 1702 vilem
517 1669 586 1702 auum
595 1664 620 1700 et
630 1656 745 1714 abjectum
756 1653 862 1701 animum
874 1657 1008 1716 proderent,
1014 1655 1092 1704 omni-

148 1721 194 1768 bue
210 1720 286 1768 modia
305 1720 397 1768 lloratll
414 1720 541 1768 amicitiam
558 1734 694 1779 expugnare
711 1721 886 1766 contenderent.
926 1721 1003 1766 Hoeee
1020 1721 1094 1780 igitur

148 1784 258 1832 hominen
269 1786 329 1832 male
340 1785 433 1833 aeduloe
443 1793 531 1842 monet,
542 1799 572 1830 ne
584 1784 658 1831 nolitia
668 1781 822 1844 parasitorum
833 1783 922 1832 artibus
932 1800 958 1831 ae
968 1785 993 1831 in
1005 1786 1092 1834 Mace·

149 1849 212 1896 uatir
220 1849 346 1896 amicitiam
358 1850 460 1909 irrepere
471 1864 538 1910 pueee
549 1859 657 1910 sperente
674 1852 753 1895 ‘ame
763 1850 841 1906 certe,'
852 1849 936 1910 inquit,
947 1850 1019 1898 ‘talea
1030 1865 1092 1897 nun·

149 1929 221 1974 quam
233 1914 472 1962 commendabuntur.’
506 1914 581 1961 Simul
592 1915 675 1962 callide
684 1915 727 1961 bec
739 1929 831 1974 quoque
843 1915 962 1962 occarione
973 1916 1055 1970 utitur,
1065 1924 1093 1964 ut

149 1979 240 2026 civibua
251 1979 299 2026 auia
311 1977 462 2035 demonstret,
471 1979 546 2039 qualia
555 1979 599 2025 eibi
607 1979 752 2026 familiaritas
763 1994 816 2027 cunr
826 1980 954 2028 Mrecenate
965 1979 1093 2027 intercedat

148 2059 165 2090 a
175 2043 283 2104 plurimie
294 2042 401 2103 ignorata
411 2052 452 2090 aut
465 2045 524 2090 male
537 2044 650 2104 judicata,
667 2052 737 2104 atque
753 2045 883 2104 cujusmodi
898 2059 973 2092 morea
989 2045 1024 2090 itti
1040 2044 1092 2104 pla·

149 2116 228 2156 ceant.
260 2109 347 2156 Heind.
357 2116 381 2156 et
391 2109 452 2156 zeti.
483 2108 573 2168 Scripta
584 2109 676 2154 videtur
688 2121 768 2155 n.u.c.
779 2108 834 2164 720.

185 2173 254 2223 1-5.
274 2171 324 2234 [uid
335 2171 413 2234 racrd]
426 2173 474 2221 cn.
486 2174 562 2234 Epod.
574 2174 596 2229 4,
608 2172 631 2228 7,
642 2172 665 2228 7,
674 2173 737 2219 8.-
747 2171 820 2234 [totae
836 2177 860 2221 in
874 2169 935 2233 illie]
955 2172 1015 2232 lipp.
1033 2172 1055 2226 l,
1067 2173 1090 2230 l,

151 2237 191 2292 ll,
209 2241 280 2286 munio
295 2241 319 2284 in
335 2241 375 2286 loc
390 2254 457 2292 rum,-
474 2253 520 2298 quo
537 2238 656 2284 moleetior
671 2238 743 2284 iiebat
758 2238 922 2298 interpellatio.
955 2237 993 2282 Sic
1009 2237 1091 2297 Polyb.

149 2302 174 2356 3,
185 2303 226 2358 94,
245 2301 308 2365 πρὸς
328 2301 357 2350 rb
373 2298 567 2351 διακινδυνεύειν
583 2300 643 2357 ὅλος
661 2300 702 2348 eui
719 2301 771 2357 πᾶς
790 2298 1015 2364 riu-[Accurrit]
1035 2303 1092 2352 ileo

46 2414 53 2428 ‚
149 2367 266 2427 cupiditar
287 2367 412 2414 Horatium
429 2367 583 2415 conveniendi
605 2366 679 2426 magia
700 2375 755 2426 epta
776 2376 812 2414 eet
830 2367 958 2426 importuni
979 2367 1091 2424 moribua,

150 2447 222 2491 quam
241 2433 379 2491 languidum
396 2433 455 2478 illud
472 2435 585 2486 occurritr
605 2431 639 2478 eie
657 2432 812 2491 Theophraeti
828 2429 964 2495 λογοποιὸς
981 2432 1092 2490 crrenti,

150 2495 217 2544 πᾶσι
239 2491 264 2542 bt
286 2498 339 2551 τοῖς
356 2493 383 2544 ἐν
403 2495 433 2558 τῇ
452 2495 525 2544 πόλει
533 2491 741 2559 ’προοδεδράμηκε
757 2492 847 2559 λέγων.
879 2497 991 2544 Similiter
1007 2500 1093 2558 arripit

150 2575 258 2617 manum,
269 2576 315 2606 non
323 2564 492 2622 prebendil.-
500 2563 578 2620 iunge
590 2563 719 2610 dulcissime
729 2578 812 2610 rerum.
830 2561 897 2608 Orid.
910 2562 970 2608 Met.
982 2563 1005 2620 8,
1016 2563 1056 2619 49,
1067 2571 1092 2609 et

151 2627 211 2672 ller.
222 2626 246 2682 4,
259 2625 311 2682 125,
326 2629 477 2686 pulcherrime
489 2642 571 2674 rerum.
588 2625 701 2677 Quinctil.
717 2625 825 2683 l,12‚6,
838 2629 991 2686 pulcherrirna
1007 2643 1091 2676 rerum·

149 2713 184 2728 -
193 2687 232 2752 [ut
242 2705 301 2738 nuuc
311 2688 357 2752 eet]
372 2693 429 2752 ‘pro
443 2706 521 2738 rerum
534 2705 639 2738 mearum
648 2691 732 2752 copia’
741 2716 774 2724 -
783 2688 875 2752 [cupio]
887 2693 960 2738 Solita
971 2692 1020 2740 baec
1032 2707 1091 2751 quo·

150 2769 198 2866 quie
215 2754 353 2804 urbanitatis
367 2756 474 2805 formula.
507 2757 582 2804 l'laut.
594 2757 657 2804 Ruri.
668 2755 692 2812 4,
702 2755 724 2812 i,
737 2755 760 2813 l,
767 2772 902 2818 quamquam
912 2758 974 2804 nobie
983 2759 1031 2806 eolo
1041 2772 1091 2820 qua

149 2836 178 2870 eu
189 2822 226 2875 tir,
237 2822 350 2868 mulieres.

182 2883 270 2934 u-la
288 2885 413 2946 Poetquem
425 2885 474 2946 ipae
485 2883 549 2940 eatie,
560 2891 587 2930 nt
597 2876 702 2944 putabat,
713 2884 803 2932 homini
812 2885 956 2944 eignificarat
966 2887 1056 2933 nullam
1066 2900 1091 2935 ee

149 2949 238 2998 habere
249 2965 303 2998 cum
314 2965 343 2996 eo
352 2949 499 3009 colloquendi
510 2963 610 3004 caueam,
622 2950 662 2996 ille
673 2958 753 2997 tamen
765 2951 863 2997 Horatio
873 2953 934 2998 latur
947 2951 1012 3010 tegit,
1028 2950 1091 2998 unde

149 3013 259 3062 molestia
280 3029 304 3062 ae
325 3015 424 3061 liberare
446 3014 542 3074 eupiene
563 3014 624 3060 comi
645 3014 789 3062 valedicendi
809 3015 910 3064 iormuli
931 3017 1012 3064 utitur.
1052 3014 1091 3062 stc

151 3080 249 3126 Terent.
266 3079 329 3126 Eun.
344 3081 368 3136 2,
384 3080 409 3133 3,
426 3080 465 3137 bu,
480 3095 541 3141 rogo,
558 3079 667 3140 numquid
681 3080 743 3127 uelit.
771 3081 849 3137 Recte,
865 3084 946 3143 inquii.
979 3081 1091 3127 Abeo.-

150 3140 259 3205 [cccupo]
284 3144 417 3204 ‘pravenio
438 3145 557 3190 hominem
579 3157 671 3202 rogans,
691 3153 817 3203 antequam
836 3146 875 3192 ille
893 3146 1022 3206 quidquam
1039 3151 1092 3203 poet

148 3209 251 3270 primaru
266 3209 429 3257 salutationem
446 3205 688 3269 nixatur-[Nora
707 3224 759 3258 nort
777 3209 838 3257 ‘Vir
856 3211 924 3258 aliter
940 3208 989 3256 lieri
1007 3216 1091 3268 puteat,

150 3287 223 3333 quum
240 3280 266 3320 ut
281 3273 324 3320 tibi
336 3274 550 3335 jam'aliquatenae
564 3281 632 3320 notua
647 3273 708 3320 eim)
726 3273 789 3332 (Υοο
804 3277 884 3323 nioeld
898 3278 963 3322 know
973 3287 1007 3320 rue
1018 3271 1090 3334 ueta)

149 3338 229 3386 ‘Nam
251 3338 324 3386 doctir
345 3353 389 3397 ego
411 3353 504 3398 quoque
525 3336 837 3400 adnumeror.’-[Plurie]
860 3340 921 3385 Dum
949 3337 1089 3396 reapondetr

149 3405 262 3463 ‘propter
272 3403 298 3450 id
314 3403 390 3463 ipsum
401 3404 465 3463 quod
476 3404 557 3450 doctue
567 3419 599 3460 ee,
611 3411 638 3450 ut
648 3404 714 3461 dicia,
729 3404 804 3467 pluria
821 3413 844 3450 te
858 3402 957 3458 faciam:
968 3401 1031 3448 vaire
1041 3402 1090 3462 rig·

148 3468 232 3516 nificat
247 3483 272 3514 ae
289 3483 342 3516 eum
360 3480 406 3516 non
423 3465 656 3530 norae-[Mimo]
673 3484 703 3515 ea
721 3483 766 3516 usu
782 3467 918 3528 quotidiano
932 3467 957 3512 in
974 3467 1091 3527 pleriaque

148 3533 272 3580 affectibus
282 3547 325 3593 pro
337 3532 509 3588 ‘vehementem
519 3533 618 3582 nimiunn
628 3535 758 3592 quantum!
781 3533 820 3580 Sic
827 3531 997 3579 dieiturmieere
1004 3548 1090 3589 onore,

149 3597 192 3660 qui
203 3597 354 3649 vehementer
364 3605 434 3646 amat.
463 3599 554 3648 Terent
567 3598 642 3648 Andr.
656 3598 680 3657 3,
690 3598 713 3656 2,
724 3597 763 3646 tu.
781 3596 878 3648 ,bunt
889 3594 912 3653 4,
926 3594 949 3654 l,
960 3596 999 3657 37,
1010 3599 1090 3665 nitere
