2442 4059
173 227 214 286 96
429 241 671 286 arrsromnuu
693 241 760 285 ura.
777 243 815 286 11.
831 227 862 286 2.

175 393 225 457 Ac
239 393 351 480 potius,
367 415 446 480 puer
461 404 496 458 ut
510 394 595 458 festis
611 393 860 481 Quinquatribus
875 393 959 472 olim,

174 479 301 566 Exiguo
316 495 467 567 gratoque
483 481 591 544 fruaris
606 493 744 566 tempore
759 480 879 566 raptim.

176 566 355 652 Pauperies‚
372 565 530 630 immunda
544 565 662 643 domna,
680 566 785 652 procul
799 566 898 631 absit:
923 589 993 653 ego,
1010 577 1116 631 utrum

175 651 265 715 Nave
281 651 360 715 ferar
376 653 490 738 magna
503 674 542 715 an
558 654 662 736 parva,
678 652 758 717 ferar
774 674 852 716 unus
867 662 899 716 et
913 652 1005 716 idem.

175 737 248 800 Non
264 737 384 823 agimur
399 737 523 801 tumidis
538 738 615 802 velis
632 739 789 823 Aquilone
804 739 939 802 secundo
948 762 956 814 ;
1051 743 1116 803 200

174 821 249 886 vNon
266 837 367 888 tamen
383 823 518 888 adversis
533 837 655 888 aetatem
671 824 810 889 ducimus
826 823 968 902 Austris;

174 908 311 985 Viribus,
327 909 463 1010 ingenio,
480 911 593 996 specie,
610 912 732 987 virtute,
749 904 825 987 loco,
843 932 885 986 re,

175 992 318 1059 Extremi
334 1017 512 1079 primorum,
529 996 676 1060 extremis
691 1019 789 1081 usque
804 995 929 1081 priores.

175 1079 248 1143 Non
265 1103 298 1144 es
312 1103 437 1145 avarus:
453 1080 514 1145 abi.
545 1081 656 1156 Quid?
672 1095 773 1146 cetera
782 1083 848 1167 jam
864 1080 954 1145 simul
969 1080 1029 1145 isto

177 1165 258 1230 Cum
274 1166 349 1231 vitio
364 1165 495 1254 fugere?
518 1161 601 1232 caret
618 1167 673 1232 tibi
689 1181 797 1253 pectus
811 1166 896 1230 inani
1051 1170 1114 1230 205

177 1251 383 1316 Ambitione?
405 1265 488 1316 caret
504 1253 608 1317 mortis
624 1253 787 1317 formidine
802 1265 835 1318 et
849 1251 918 1317 itt?

179 1338 315 1414 Somnia,
332 1352 462 1403 terrores
478 1338 622 1424 magicos,
639 1339 794 1416 miracula,
809 1361 907 1424 sagas,

178 1424 354 1489 Nocturnos
370 1425 502 1488 lemures
516 1437 721 1511 portentaque
739 1425 888 1489 Thessala
902 1422 1006 1489 rides?

176 1510 305 1576 Natales
320 1523 406 1596 grate
422 1510 590 1577 numeras?
612 1511 746 1598 ignoscis
760 1509 892 1576 amieis?

178 1596 294 1659 Lenior
310 1609 342 1660 et
356 1596 464 1660 melior
479 1596 515 1660 fis
529 1597 696 1662 accedente
711 1595 860 1662 senectti?
1051 1599 1115 1659 210

178 1681 263 1756 Quid
278 1696 309 1747 te
325 1695 469 1767 exempta
478 1684 568 1768 juvat
582 1683 678 1768 spinis
694 1682 733 1747 de
747 1682 888 1768 pluribus
902 1679 987 1746 una?

177 1768 293 1831 Vivere
307 1768 333 1831 si
349 1781 431 1831 recte
447 1769 555 1844 nescis,
572 1768 687 1833 decede
701 1769 817 1856 peritis.

177 1853 295 1917 Lusisti
309 1853 391 1930 satis,
408 1854 498 1918 edisti
513 1854 596 1932 satis,
612 1868 707 1941 atque
723 1854 845 1920 bibisti:

177 1939 318 2024 Tempus
332 1939 417 2004 abire
434 1939 489 2003 tibi
505 1953 567 2018 est;
591 1964 631 2005 ne
647 1956 753 2028 potum
769 1940 884 2027 largius
898 1961 988 2027 aequo

179 2025 294 2091 Rideat
308 2039 341 2091 et
354 2024 458 2112 pulset
472 2026 585 2092 lasciva
598 2027 758 2094 decentius
772 2040 855 2093 aetas.
1053 2029 1117 2089 215
