2442 4059
94 280 148 317 ars
162 279 179 315 1.
192 264 242 330 la]
422 264 703 315 INTERPRETATlo.
975 265 1040 331 239

95 420 171 467 etiarn
188 419 213 467 in
230 419 298 478 prosis
315 417 517 473 sucurritis,
532 414 632 478 lappa
648 432 743 464 vacuam
760 416 805 477 (pr.
820 433 861 478 per
879 434 972 466 vacuam
990 418 1039 465 sire

95 491 216 533 vacantem
233 480 352 545 (domino)
367 481 537 543 possessionem)
556 484 753 543 quemadmodum
773 484 854 530 dicunt
866 484 1039 544 jurisconsulti;

96 550 126 606 is,
143 552 184 609 qui
196 548 285 610 primus
295 548 321 593 in
335 563 395 594 novo
409 548 484 607 poesis
502 562 587 607 genere
605 549 708 593 elaborat
723 548 832 607 idemque
850 549 882 594 ita
898 549 995 608 perlicit,
1013 558 1041 595 ut

97 615 214 661 Horatius
235 613 284 673 ipse
306 627 380 671 genus
401 613 507 671 lyricum.
515 610 643 673 -,[pressl
656 609 728 673 pede]
752 614 820 658 ‘Non
839 614 914 659 aliena
933 615 1040 674 exempla

96 680 170 725 anxie
188 679 292 724 imitatus
309 674 479 739 sunl-[qut
497 679 542 723 sihi
554 674 623 738 fidit]
641 680 681 723 ‘ac
699 687 821 737 propterea
837 693 897 723 nora
915 687 996 733 tentat,
1014 679 1041 725 fit
1125 728 1129 734 ‚

97 745 148 790 dux
161 752 298 797 ceterorum,
315 757 413 801 quorum
425 742 544 801 ingenium
560 742 638 788 minus
652 749 732 802 aptum
742 751 777 788 est
787 744 817 789 ad
831 758 890 788 nova
905 758 992 802 genera
1002 743 1040 790 iu·

95 808 216 855 venienda
227 815 296 866 atque
307 807 450 853 excolenda)
458 831 490 841 -
500 802 579 867 [Dua]
591 809 605 831 “
616 808 719 853 imitatus
727 822 804 866 regern
812 807 915 867 apiurn.”
928 810 1040 869 Porphyr.

131 872 236 927 24-27.
256 868 377 932 [Ostendi]
393 871 499 917 ‘Primus
510 873 644 931 exemplum
659 872 756 931 praebui,
773 874 888 931 quomodo
905 881 979 920 totum
994 875 1040 920 Ar-

97 936 203 985 chilochi
215 937 276 982 Parii
287 952 360 996 genus
376 937 405 983 ad
419 937 526 982 Latinam
541 936 622 997 poesin
639 937 824 983 transferendum
842 938 887 984 sit!
920 938 1043 997 Significat

97 1003 203 1049 maxime
216 1002 316 1061 Epodos.
352 1002 473 1049 Ostendera
484 1005 490 1026 ‘
500 1011 527 1047 ut
537 1001 637 1047 artifices
652 1010 707 1052 tunc
724 1002 818 1047 demum
835 1004 896 1048 novi
912 1005 955 1049 suh
969 1005 1041 1063 operit

97 1067 152 1115 aliis
164 1068 285 1112 ostendere
296 1067 378 1122 solent,
391 1081 463 1125 quum
476 1068 526 1126 jam
537 1066 568 1111 ad
578 1081 682 1125 unguem
697 1066 807 1125 castigata
819 1076 843 1112 et
853 1068 954 1126 perlecta
969 1069 1040 1114 sunt!

97 1129 257 1193 -[rrumeros
278 1128 417 1191 animosque]
441 1132 532 1177 ‘metra
552 1131 712 1191 impetumque
733 1132 906 1190 poeticum'-
917 1129 972 1192 [aaa
991 1131 1039 1194 res]

98 1197 262 1256 ‘Neutiquarn
273 1211 328 1242 vero
338 1196 473 1254 simpliciter
483 1196 507 1241 in
521 1195 631 1241 Latinum
645 1196 748 1242 converti
760 1196 893 1242 Archilochi
911 1197 999 1243 iambos
1015 1198 1041 1244 iu

101 1262 237 1321 Lycamben
257 1262 353 1321 ejusque
372 1257 614 1322 misal—[agentia]
638 1260 774 1320 ‘agitantia
793 1262 971 1321 persequentia;
988 1277 1041 1321 quae

100 1341 157 1372 eum
174 1327 204 1373 ad
221 1327 372 1386 suspendium
389 1324 629 1386 adegeruna'-[Aa
639 1323 680 1386 ne]
701 1327 781 1372 comm.
794 1327 862 1387 Craq.
879 1329 894 1352 ‘⁶
902 1328 938 1372 Ne
951 1326 1041 1373 minore

100 1393 189 1439 coroud
205 1405 242 1436 me
259 1390 376 1436 decores.'’
410 1391 461 1436 ‘Ne
481 1399 514 1446 tu,
533 1390 662 1445 Maecenas,¹
678 1390 763 1450 inquit,
778 1390 879 1437 ‘idcirco
895 1391 986 1450 parcius
1003 1406 1041 1437 me

100 1456 192 1510 laudes,
212 1456 275 1515 quod
295 1454 358 1501 nolui
376 1469 514 1515 componere
533 1469 593 1501 nova
612 1465 686 1501 metra
706 1464 730 1501 et
751 1455 856 1501 invenire
874 1470 948 1514 genus
966 1457 1042 1515 poesis

100 1521 192 1567 melico
212 1535 225 1565 a
243 1520 324 1565 Graeca
343 1534 435 1580 prorsus
455 1520 571 1566 diversum
591 1518 659 1580 (quia
679 1522 749 1579 probe
768 1534 938 1580 perspexeram,
958 1522 1042 1567 eadem

101 1594 187 1641 metra,
206 1585 289 1644 quihus
306 1584 381 1630 Graeci
399 1585 434 1631 usi
453 1594 516 1645 sunt,
533 1584 653 1645 aptissima
670 1599 720 1630 esse
733 1585 822 1635 Latinae
838 1600 931 1645 quoquc
949 1586 1012 1646 poesi
1021 1582 1042 1648 ι)

101 1650 162 1699 scito
173 1650 316 1709 temperare,’
330 1651 372 1697 tre.

136 1715 179 1773 28,
195 1714 233 1763 29.
261 1710 408 1775 [Temperat]
438 1714 492 1760 Noli
512 1722 646 1761 construere
666 1728 719 1760 cum
740 1713 808 1761 aliis:
837 1714 927 1775 Sappho
942 1717 1043 1763 ramsola

104 1787 217 1839 temperat
235 1781 293 1839 pede
315 1777 380 1839 (auo)
404 1780 492 1826 Musam
509 1780 660 1831 Archilochi,·
682 1780 731 1835 sed,
758 1780 847 1839 Sappho
866 1781 965 1826 nrarcsla
986 1787 1043 1827 lem-

99 1850 173 1905 perat
189 1845 280 1889 Musam
299 1840 389 1905 (suain)
407 1845 465 1903 pede
482 1846 620 1899 Archilochi,
639 1843 717 1903 sicque
734 1845 805 1889 etiarn
824 1851 933 1905 temperat
943 1847 1043 1901 Alcaeas,

102 1910 168 1956 idern
185 1908 241 1955 iacit
253 1908 333 1970 junior
346 1909 464 1967 aliquanto
475 1908 575 1955 Alcaeus.
608 1909 717 1968 ‘Sappho
728 1918 751 1954 et
763 1910 870 1966 Alcaeus,'
882 1910 966 1971 inquit,
978 1912 1042 1956 ‘car-

102 1973 208 2021 minibus
225 1972 273 2019 suis
290 1974 346 2019 scite
363 1971 540 2020 immiscuerunt
555 1988 664 2020 numeros
680 1969 813 2037 (ῥυθμούς)
825 1983 849 2021 et
860 1976 923 2021 varia
933 1990 1043 2021 versuum

103 2052 200 2098 genera,
220 2038 303 2096 quihus
320 2037 474 2084 Archilochus
492 2036 530 2099 (nt
548 2039 585 2083 vel
603 2054 632 2083 ex
650 2040 700 2097 eJus
719 2040 823 2098 reliquiis
840 2038 941 2100 constat)
959 2048 1043 2100 praeler

103 2104 196 2149 iambos
208 2117 262 2149 usus
274 2112 316 2157 est,
332 2104 372 2149 sed
388 2103 491 2163 dispares
502 2113 556 2149 sunt
570 2103 605 2149 illi
620 2105 693 2157 rebar,
711 2119 745 2157 eo,
763 2106 825 2163 quod
844 2105 889 2150 alia
905 2113 1044 2162 argumenta

104 2176 243 2223 tractarunt,
265 2177 289 2214 et
307 2170 384 2213 ordina
402 2182 510 2214 versuum
528 2170 556 2214 ah
576 2168 716 2215 Archilocho
734 2169 890 2223 inventorum,
911 2183 941 2214 ex
959 2168 1044 2229 quibua

105 2232 187 2279 Lesbii
199 2241 271 2292 poetae
283 2246 393 2279 unacum
410 2232 438 2278 iis
452 2247 601 2279 numerorum
620 2248 648 2279 ac
658 2247 767 2278 versuum
781 2234 913 2291 generibus,
933 2248 985 2292 quae
997 2232 1044 2293 ipsi

103 2297 255 2353 invenerunt,
272 2299 378 2357 strophas
388 2312 441 2343 suas
452 2294 637 2357 composuerunt.
671 2298 749 2356 Atque
765 2306 859 2358 propter
875 2298 919 2342 hoc
933 2298 1044 2354 maxime,

103 2363 171 2421 quod
181 2362 227 2408 alia
238 2370 261 2407 et
272 2376 331 2407 nova
341 2370 479 2421 argumenta
489 2362 533 2409 sihi
545 2376 692 2422 proposuere,
709 2363 807 2407 eaodem
821 2362 914 2408 laudem
926 2370 1045 2408 merentur

104 2435 178 2486 atque
198 2426 358 2482 Archilochus,
380 2426 451 2472 totius
472 2427 564 2486 generis
583 2424 837 2489 inventor.'-[pede]
855 2427 878 2473 h.
896 2428 912 2475 l.
929 2427 1045 2487 siguificat

104 2492 232 2538 versiculos
248 2492 357 2551 integros,
372 2499 399 2536 ut
411 2492 453 2537 Od.
466 2491 488 2547 4,
500 2491 523 2547 6,
536 2492 575 2549 35,
589 2493 693 2539 Lesbium
702 2499 789 2538 servale
799 2494 924 2551 pedam-
933 2488 1045 2553 [mascula

104 2553 209 2617 Sappho]
228 2559 301 2615 ‘quaa
318 2570 460 2615 quamquam
471 2556 562 2612 mulier,
580 2564 658 2602 tamen
669 2555 758 2615 ingenii
769 2555 857 2602 viribus
865 2571 892 2603 ac
902 2556 980 2603 furore
990 2572 1045 2605 rere

103 2622 198 2684 poetico
209 2622 245 2667 rel
256 2621 455 2681 praestantissimos
466 2629 545 2680 poetas
554 2621 670 2680 aquarit’

141 2686 182 2739 30,
194 2685 234 2732 31.
251 2682 314 2747 [Nec
324 2681 435 2745 socerum]
448 2684 562 2746 Exemplo
573 2687 696 2732 manifesto
706 2694 776 2745 atque
787 2685 884 2732 indubio
895 2687 1046 2744 demonstrat,

105 2752 225 2810 quomodo
237 2752 330 2810 Sappho
341 2759 365 2796 et
373 2751 463 2797 Alcaeus
474 2748 520 2796 alia
527 2759 597 2809 atque
606 2751 759 2798 Archilochus
769 2758 907 2809 argumenta
918 2752 1045 2801 tractarint.

105 2840 141 2851 -
152 2811 259 2877 [pararit]
278 2819 353 2861 ‘certo
364 2816 460 2861 consilio
472 2815 560 2874 deligit,
579 2830 650 2875 quem
661 2815 732 2862 veluti
750 2816 799 2861 luto
813 2816 938 2874 inquinans
949 2817 1046 2865 infamet

105 2882 213 2927 versibus
224 2879 350 2940 perniciem
361 2881 383 2926 ei
398 2876 691 2941 afferentibus.’-[atris]
710 2881 848 2926 ‘venenosis
864 2895 890 2926 ac
906 2883 1046 2938 mortiferis,’

105 2953 135 2991 ut
144 2952 203 2991 atra
214 2948 305 3005 vipera,
315 2946 360 2991 Od.
372 2944 395 3004 3,
405 2945 429 3001 4,
442 2943 479 2999 17.
486 2945 518 2979 -“-
527 2942 636 3006 [sponsa]
654 2946 774 2991 Neobulae.
781 2968 813 2978 —
824 2942 922 3009 [famoso
932 2942 1044 3008 carmina]

105 3012 114 3037 ¹
124 3010 210 3055 samam
222 3012 272 3069 ejus
282 3011 396 3056 laedente.'
970 3052 974 3062 ,

140 3075 244 3121 tta—34
264 3074 357 3133 [Hanc]
377 3074 484 3120 Proxime
496 3074 589 3133 quidem
601 3073 701 3120 refertur
711 3074 742 3119 ad
750 3074 862 3129 Alcaeum,
874 3073 909 3136 (et
919 3090 981 3129 vere,
992 3091 1046 3122 cum
1114 3112 1120 3122 .

107 3140 216 3187 Catullus
234 3140 268 3185 bis
287 3139 382 3199 quidem
401 3138 490 3199 (carm.
512 3138 539 3186 ll
558 3148 582 3185 et
597 3138 641 3197 51)
661 3139 756 3185 tentarit
776 3148 876 3186 metrum
896 3141 1046 3201 Sappfflcum,

109 3204 230 3250 Alasicum
242 3218 361 3263 nunquam
370 3202 390 3265 r)
409 3219 497 3259 verum,
508 3212 535 3249 ut
545 3219 581 3250 vv.
597 3203 637 3259 30,
647 3203 687 3258 31,
702 3218 749 3250 non
764 3204 842 3251 minus
856 3206 887 3251 ad
898 3206 1047 3266 Sapphouem

107 3277 214 3328 spectant
226 3283 295 3327 quarn
310 3268 463 3324 admotarum,
479 3268 512 3316 sic
530 3270 591 3328 quod
609 3270 640 3314 ad
656 3269 725 3329 hujus
743 3269 787 3315 loci
801 3284 895 3316 sensum
911 3270 1046 3316 universum

108 3332 195 3380 attinet
205 3342 331 3392 utrumque
341 3342 432 3393 poetam
444 3334 513 3379 simul
530 3333 691 3392 significah—
699 3330 949 3394 [Latinas-fidicen]
964 3336 1047 3394 ‘poeta

107 3397 213 3457 lyricus:
230 3407 257 3443 ut
268 3399 311 3444 Od.
323 3398 345 3451 4,
357 3398 380 3453 3,
391 3398 430 3453 24,
447 3398 552 3445 Romana
563 3400 649 3457 ,ridicas
668 3400 771 3459 lyrae.·-
780 3394 905 3459 [Vulgari]
924 3399 1047 3459 ‘Sapphds

108 3472 134 3509 et
146 3462 217 3508 slcaei
229 3478 303 3521 genus
319 3465 425 3508 omnihus
438 3464 488 3522 jam
503 3463 560 3509 meis
573 3464 723 3523 popularibus
740 3473 821 3509 notum
838 3462 1046 3523 reddidi.'-[Ia·

106 3523 203 3590 grauis]
223 3528 354 3638 ‘lgelneroslis
365 3535 389 3572 et
399 3527 503 3573 candidis
513 3528 742 3588 lectoribus,'qua1es
753 3528 786 3573 illi
797 3535 872 3587 erant,
882 3541 940 3586 quor
951 3542 1047 3576 enume-

108 3593 212 3646 rat,Sat.
242 3625 248 3645 ‚
274 3592 411 3640 08-8.

141 3656 246 3704 tta-38.
264 3626 379 3719 [premat]
389 3592 411 3682 7⁶
419 3656 535 3718 deprimat
552 3665 622 3719 atque
644 3656 735 3704 elevet!
759 3642 870 3706 Quinctil.
890 3655 927 3713 12,
951 3657 989 3714 10,
1003 3659 1047 3715 rt,
