2442 4059
352 268 593 315 sersaonaaun
622 267 690 312 nra.
706 269 728 312 1.
747 252 795 313 18.
1011 258 1052 317 79

108 419 315 485 Adversarius
330 432 376 485 est
391 421 500 496 frater3
525 420 617 497 laerte,
634 419 769 495 Hadria3
792 419 890 486 donec

110 508 306 572 Alterutrum
323 507 413 570 velox
429 506 554 571 victoria
569 507 676 569 fronde
691 518 826 571 coronet.
1008 515 1049 573 55

111 593 298 658 Consentire
312 593 374 656 suis
389 592 497 657 studiis
511 592 565 677 qui
580 592 745 657 crediderit
759 604 799 668 te,

111 679 229 744 Fautor
244 690 373 764 utroque
389 691 476 743 tuum
492 678 629 742 laudabit
643 677 753 763 pollice
768 678 884 743 ludum.

112 765 260 829 Protinus
275 776 309 829 ut
323 787 464 841 moneam
483 764 521 848 (si
537 764 610 849 quid
626 764 784 828 monitoris
799 788 873 851 eges
888 766 949 847 tu),

112 850 200 926 Quid
216 852 254 915 de
269 874 393 937 quoque
406 850 470 914 viro
485 862 517 914 et
532 851 581 915 cni
596 849 688 924 dicas,
705 873 787 935 saepe
802 851 922 915 videto:

111 937 364 1003 Percontatorem
380 935 489 1023 fugito,
506 958 575 999 nam
591 936 731 1022 garrulus
746 936 827 999 idem
843 945 899 1015 est,
1008 944 1049 1003 60

111 1022 183 1086 Neo
198 1022 332 1087 retinent
346 1024 459 1108 patnlae
473 1022 633 1087 commissa
647 1021 777 1086 fideliter
791 1045 880 1087 aures
888 1047 897 1099 ;

112 1106 157 1172 Et
170 1108 267 1173 semel
282 1108 425 1173 emissum
441 1108 522 1172 volat
537 1108 734 1171 irrevocabile
750 1109 887 1173 verbum.
917 1131 919 1135 ⁴

112 1194 247 1271 Qualem
271 1194 476 1270 commendes,
501 1194 593 1258 etiam
619 1208 712 1279 atque
737 1194 828 1259 etiam
849 1194 982 1281 adspice,
1009 1220 1050 1261 ne

196 1303 269 1345 mox

112 1366 271 1432 Incutiant
284 1365 384 1431 aliena
398 1364 455 1430 tibi
469 1376 595 1450 peccata
609 1365 769 1451 pudorem.

113 1452 264 1517 Fallimur
278 1464 310 1517 et
324 1451 477 1537 quondam
493 1473 555 1513 non
571 1450 698 1537 dignum
715 1451 877 1516 tradimus:
901 1476 976 1540 ergo
1009 1458 1050 1518 65

111 1538 218 1614 Quem
233 1561 288 1603 sua
303 1539 393 1624 culpa
407 1548 536 1623 premet,
553 1535 700 1622 deceptus
715 1537 822 1601 omitte
838 1539 927 1617 tueri,

112 1623 162 1689 Ut
176 1624 299 1709 penitus
315 1637 431 1700 notum,
448 1622 473 1687 si
489 1636 611 1687 tentent
625 1622 761 1699 crimina,
777 1646 880 1688 serves

111 1710 303 1795 Tuterisqne
318 1723 372 1774 tuo
386 1708 534 1773 fidentem
547 1708 710 1809 prasidio:
734 1709 788 1794 qni

111 1795 220 1861 Dente
236 1796 401 1861 Theonino
417 1817 511 1881 quum
528 1794 770 1872 circumroditun
787 1795 899 1881 ecquid

112 1881 166 1946 Ad
181 1894 212 1946 te
227 1895 297 1968 post
310 1882 403 1968 paulo
414 1886 546 1946 ventura
561 1880 696 1966 pericula
711 1880 829 1946 sentis?
951 1927 955 1934 -
1010 1886 1051 1947 to

47 2010 50 2019 .
112 1966 195 2033 Nam
211 1979 264 2032 tua
278 1990 359 2032 resa
382 1968 452 2043 itur,
468 1966 568 2052 paries
583 1989 679 2052 quum
695 1967 853 2052 proximus
866 1966 972 2046 ardet3

111 2052 158 2118 Et
172 2053 315 2141 neglecta
329 1991 431 2118 solent
444 2052 587 2118 incendia
601 2076 722 2118 sumere
737 2054 827 2118 vires.

112 2139 226 2203 Dulcis
241 2138 411 2225 inexpertis
426 2138 544 2203 cultura
558 2139 694 2224 potentis
707 2139 816 2203 amici:

110 2223 271 2311 Expertus
286 2225 406 2290 metuit.
451 2223 513 2301 Tu,
530 2224 602 2288 dum
619 2237 672 2289 tua
686 2224 772 2289 navis
786 2226 818 2288 in
833 2223 895 2289 alto
910 2235 967 2301 est,

111 2310 187 2375 Hoc
200 2334 270 2398 age,
288 2334 327 2374 ne
342 2321 458 2375 mutata
472 2322 638 2375 retrorsum
653 2321 684 2374 te
697 2311 776 2375 ferat
789 2332 871 2374 aura.
1011 2314 1052 2374 75
1149 2325 1152 2331 “

110 2396 260 2461 Oderunt
274 2396 401 2461 hilarem
417 2397 528 2473 tristes,
544 2395 724 2482 tristemque
735 2395 854 2481 jocosi3

111 2483 263 2548 Sedatum
278 2482 403 2560 celeres,
419 2481 531 2567 agilem
548 2504 659 2545 navum
684 2506 722 2545 ue
738 2480 873 2545 remissi:
1042 2554 1046 2562 ¹

111 2568 244 2633 Potores
259 2569 373 2649 [bibuli
388 2568 489 2632 medici
505 2567 544 2631 de
558 2581 649 2632 noete
662 2505 791 2632 (lalerni

111 2654 275 2735 Oderunt]
291 2668 430 2739 porrecta
444 2666 609 2740 negantem
624 2654 753 2739 pocula3
777 2652 915 2739 quamvis
1066 2615 1105 2702 s

110 2740 291 2806 Nocturnos
300 2741 388 2827 jures
404 2753 434 2804 te
449 2739 611 2804 formidare
628 2762 763 2825 vapores.

108 2826 219 2891 Deme
233 2826 397 2912 supercilio
412 2824 543 2889 nubem:
567 2824 750 2911 plerumque
764 2824 920 2890 modestus

110 2912 258 2999 Occupat
272 2911 392 2977 obscuri
407 2910 551 2997 speciem,
568 2911 736 2988 taciturnus
750 2910 862 2975 acerbi.

109 2996 202 3063 Inter
216 3011 327 3063 cuncta
341 2998 427 3085 leges
442 3010 474 3063 et
488 2996 708 3083 percontabere
724 2996 847 3072 doctos3

110 3084 189 3159 Qut
204 3086 321 3149 ratione
337 3106 432 3169 queas
447 3082 605 3149 traducere
621 3082 733 3148 leniter
748 3105 867 3147 aevum:

110 3170 166 3234 Ne
181 3185 212 3235 te
226 3192 348 3255 semper
363 3170 451 3257 inops
465 3170 564 3256 agitet
577 3183 732 3255 vexetque
748 3168 869 3254 cupido,
944 3216 947 3219 -
1011 3169 1053 3229 85

109 3255 166 3321 Ne
181 3278 285 3343 pavor,
301 3268 334 3321 et
347 3278 449 3319 rerum
465 3254 660 3319 mediocriter
676 3254 797 3319 utilium
811 3276 901 3341 spes:

109 3342 271 3407 Virtutem
287 3342 425 3407 doctrina
440 3353 536 3427 paret,
553 3355 702 3407 naturane
716 3340 827 3405 doner:

110 3427 201 3502 Quid
218 3428 337 3493 minuat
351 3450 447 3504 curas,
464 3426 538 3513 quid
553 3437 584 3497 te
601 3427 657 3492 tibi
671 3426 780 3492 reddat
794 3424 944 3489 amicnmr

110 3513 200 3589 Quid
216 3536 294 3600 pure
309 3513 497 3599 tranquillet,
514 3513 621 3589 honos,
636 3536 675 3577 an
691 3512 781 3576 dulce
796 3508 951 3583 lucellum,
1052 3554 1055 3560 .

111 3603 168 3664 An
183 3611 337 3667 secretum
351 3599 420 3678 iter,
437 3612 469 3665 et
482 3598 632 3747 fallentis4
632 3598 742 3663 semita
755 3596 836 3660 vitae.
1014 3596 1055 3655 90

574 3704 595 3747 rs
