2442 4059
399 223 561 270 srrsrota
584 225 629 268 no
652 223 804 270 ersorrss.
1017 207 1078 270 loa
1129 183 1133 198 ⁸

131 373 277 453 Tibicen,
296 376 453 463 traxitque
470 399 565 464 vagus
581 399 636 462 per
651 377 772 463 pulpita
786 390 925 454 vestem3
1011 384 1077 442 215
1125 399 1130 411 ’

132 462 186 525 Sic
201 462 294 526 etiam
312 463 422 544 fidibus
438 486 528 527 voces
544 487 669 528 crevere
683 464 809 540 severis,

131 547 176 612 Et
190 549 262 612 tulit
277 549 434 634 eloquium
451 549 609 614 insolitum
624 550 768 614 facundia
782 573 930 637 praeceps,

131 633 333 720 Utiliumque
346 659 442 722 sagax
457 659 571 712 rerum,
587 649 621 700 et
635 637 740 700 divina
756 638 861 712 futuri,

131 721 297 807 Sortilegis
313 743 374 784 non
391 723 560 807 discrepuit
571 723 728 788 sententia
744 723 888 806 Delphis.

175 806 323 871 Carmine
337 808 393 894 qui
410 809 527 894 tragico
542 809 635 872 vilem
651 809 780 872 certavit
794 811 834 872 ob
850 809 978 886 lrircum,
1012 813 1076 872 220

41 941 46 948 .
130 890 213 956 Mox
229 895 322 956 etiam
338 908 476 978 agrestes
494 896 623 979 Satyros
637 895 775 972 nudavit,
791 910 824 959 et
837 918 928 979 asper
1081 903 1084 908 ’

130 977 285 1043 Incolumi
300 981 452 1067 gravitate
462 982 570 1064 jocum
586 981 719 1045 tentavit
733 1004 780 1056 eo,
796 982 881 1064 quod

131 1063 292 1130 lllecebris
308 1079 374 1131 erat
389 1079 421 1130 et
436 1080 524 1152 grata
539 1067 676 1130 novitate
690 1068 856 1131 morandus

133 1151 305 1234 Spectator,
322 1155 508 1237 lanctusque
524 1153 617 1217 sacris
631 1168 665 1218 et
680 1167 771 1237 potus
786 1167 818 1217 et
834 1153 936 1216 exlex.

132 1235 250 1300 Verum
267 1238 310 1302 ita
325 1239 445 1312 risores,
463 1239 504 1302 ita
520 1240 737 1302 commendare
752 1239 872 1303 dicaces
1013 1243 1077 1302 225

133 1321 310 1389 Conveniet
327 1326 464 1410 Satyros,
482 1325 525 1388 ita
540 1339 661 1388 vertere
676 1325 757 1389 seria
772 1325 855 1400 ludo,

133 1407 194 1485 Ne,
210 1409 390 1495 quicunque
407 1411 508 1487 Deus,
525 1411 705 1496 quicunque
718 1411 917 1476 adhibebitur
931 1410 1033 1487 beros,

134 1493 249 1580 Regali
263 1509 448 1581 conspectos
464 1497 494 1558 in
511 1519 585 1559 auro
602 1519 701 1582 nuper
716 1511 748 1560 et
763 1511 856 1573 ostro,

134 1579 256 1667 Migret
270 1581 301 1646 in
318 1584 462 1648 obscuras
478 1582 586 1646 humili
601 1605 744 1646 sermone
760 1583 919 1657 tabernas;

135 1667 207 1742 Aut,
224 1668 298 1731 dum
316 1669 392 1733 vitat
407 1669 545 1743 humum,
563 1667 662 1732 nubes
677 1683 710 1732 et
725 1668 829 1732 inania
843 1681 956 1755 captet.
1014 1673 1079 1733 230

135 1751 267 1816 Effutire
282 1755 366 1818 leves
381 1755 511 1842 indigna
527 1754 697 1842 Tragoedia
711 1777 828 1832 versus,

136 1837 184 1903 Ut
197 1840 282 1904 festis
297 1855 436 1905 matrona
451 1842 566 1906 moveri
577 1843 665 1926 jassa
679 1840 799 1917 diebus,

134 1923 281 1990 Intererit
296 1928 416 2012 Satyris
432 1928 568 2012 paullum
584 1927 766 2014 pudibunda
780 1927 941 2013 protervis.
997 1949 1003 1964 ·

135 2009 206 2074 Non
223 2034 283 2098 ego
298 2014 439 2077 inornata
453 2028 486 2078 et
500 2012 691 2078 dominantia
705 2014 831 2077 nomina
845 2013 955 2087 solum,

138 2096 311 2184 Verbaque,
332 2100 470 2174 Pisones,
489 2101 670 2186 Satyrorum
687 2100 818 2184 scriptor
831 2099 960 2172 amab03
1014 2099 1078 2159 205

134 2181 203 2246 Nec
217 2184 264 2247 sic
277 2185 377 2249 enitar
392 2187 509 2269 tragico
523 2185 647 2250 differre
662 2186 768 2262 colori,

134 2267 182 2334 Ut
196 2269 274 2333 nilril
288 2271 421 2348 intersit,
439 2272 589 2336 Davusne
605 2271 750 2358 loquatur
764 2284 797 2334 et
810 2269 912 2333 audax

135 2354 265 2440 Pythias
278 2372 426 2421 emuncto
442 2357 557 2422 luc-rata
574 2358 703 2422 Simone
719 2356 881 2431 talentum,

134 2442 185 2504 An
202 2457 304 2507 comos
320 2442 515 2529 famulusque
533 2445 596 2507 Dei
614 2444 738 2508 Silenos
752 2441 880 2506 alumni.

135 2525 184 2590 Ex
201 2542 275 2593 noto
290 2529 395 2594 lictum
412 2553 533 2593 carmen
551 2551 673 2615 sequar,
690 2542 725 2593 ut
739 2529 797 2593 sibi
813 2527 915 2612 quivis
1014 2530 1079 2590 240

135 2613 248 2698 Sperat
263 2615 355 2691 idem,
371 2616 463 2679 sudet
477 2617 608 2680 multum
623 2618 797 2700 frustraque
814 2615 933 2678 laboret

133 2702 239 2764 Ausus
255 2701 355 2766 idem:
379 2716 498 2766 tantum
514 2703 609 2766 series
620 2704 830 2787 junctumque
847 2700 952 2784 pollet,

131 2785 272 2850 Tantum
288 2788 327 2850 de
344 2788 446 2851 medio
460 2789 592 2873 sumptis
606 2787 726 2851 accedit
740 2787 875 2850 lionoris.

133 2871 230 2936 Silvis
245 2873 370 2937 deducti
386 2888 524 2950 caveant,
543 2896 592 2936 me
603 2874 721 2958 judice,
740 2873 851 2948 Fauni,

132 2957 196 3034 Ne,
213 2960 299 3023 velut
313 2961 410 3024 innati
427 2961 525 3024 triviis
539 2981 576 3023 ac
592 2982 681 3044 paene
696 2960 844 3035 forenses,
1014 2960 1078 3020 245

131 3046 202 3108 Aut
217 3046 346 3108 nimium
363 3045 478 3110 teneris
488 3047 682 3131 juvenentur
698 3045 836 3108 versibus
853 3065 1001 3130 unquam,

131 3131 202 3194 Aut
217 3131 377 3195 immunda
392 3147 519 3217 crepent
535 3131 803 3218 ignominiosaque
818 3131 916 3194 dicta:

132 3216 347 3280 Offenduntur
363 3219 456 3294 enim,
473 3219 587 3304 quibus
602 3230 651 3281 est
665 3241 764 3303 equus
778 3231 810 3281 et
826 3231 913 3301 pater
928 3227 961 3278 et
974 3235 1034 3290 res,
1101 3289 1104 3293 ¹

132 3302 214 3379 Nec,
231 3304 256 3367 si
272 3304 347 3389 quid
364 3305 444 3368 fricti
460 3305 566 3368 ciceris
581 3305 692 3390 probat
707 3317 740 3368 et
754 3304 841 3367 nucis
857 3313 988 3385 emptor,

133 3387 252 3473 AEquis
265 3390 423 3474 accipiunt
436 3391 556 3466 animis,
573 3391 729 3456 donantve
745 3389 868 3453 coronal.
1015 3387 1080 3448 250

178 3476 307 3561 Syllaba
322 3476 416 3562 longa
431 3477 516 3540 brevi
532 3477 674 3562 subjecta
687 3490 815 3544 vocatur
831 3471 961 3546 iambus,

138 3560 198 3626 Pes
214 3562 313 3626 citus:
337 3563 420 3626 unde
436 3562 529 3628 etiam
545 3563 692 3626 trimetris
704 3578 880 3624 accrescere
890 3556 986 3641 jussit

586 3667 606 3710 u
621 3652 643 3708 4
