2442 4059
163 248 229 317 206
492 253 776 303 INTERPRETATIO.
1011 252 1112 319 [errae.

162 402 336 459 medicorum,
345 402 434 450 diutius
445 406 502 451 urbe
513 408 612 462 abesset,
622 406 722 465 iqure
733 405 814 452 tuliaee
830 406 929 451 ridetur.
963 407 1018 454 lam
1036 408 1112 469 igitur

162 477 232 528 poeta
250 468 351 529 (circiter
369 481 450 515 auc.
468 468 527 531 731)
546 471 606 517 lranc
628 471 751 531 epistolam
767 470 835 530 (eane
852 481 979 531 antequam
996 474 1111 520 ederetur

162 547 216 579 com
234 532 274 579 illo
290 534 497 593 communicatam)
515 536 615 596 ecripeit,
627 538 675 594 qui
686 545 710 581 et
721 535 782 582 lrane
798 536 928 582 absentiam
942 547 1070 591 exouraeet
1085 547 1112 585 et

162 598 258 645 omniuo
277 598 349 645 libere
365 600 521 658 eloqueretur,
540 601 694 660 quitatione
712 616 728 646 a
745 602 834 660 majore
850 601 926 647 amico
943 616 995 648 aeae
1012 604 1112 650 merari

162 663 240 709 vellet.
273 662 371 723 Scripsit
387 672 468 709 autem
486 664 546 711 hanc
564 666 694 725 Epistulam
710 664 764 711 ideo
774 680 875 725 quoque,
888 673 914 711 ut
925 666 996 712 etiam
1007 666 1110 727 aequali-

161 729 205 773 bua
225 727 281 784 auia,
303 736 374 787 atque
396 728 421 774 in
444 728 525 789 primia
546 730 747 787 obtrectatoribua,
765 731 807 790 qui
828 745 883 776 eum
905 744 948 790 pro
968 732 1110 781 Maecenatia

161 793 262 853 parasito
280 792 406 849 habebant,
422 794 483 839 clare
500 795 678 850 demonstraret,
698 809 751 854 qun
768 795 813 841 eibi
829 796 978 841 neoeaaltudo
993 799 1110 844 camillo

160 856 322 913 intercederet,
333 858 436 904 libertati
446 858 516 905 etiam
528 860 667 920 philosopho
676 859 755 918 dignm
765 859 863 906 minime
873 860 984 907 51551555.

191 921 263 969 2-6.
288 918 421 984 [Sextilem]
448 921 520 969 Anno
545 925 641 970 demum
663 936 714 970 u-c.
737 924 794 978 746,
816 925 856 971 hic
876 925 963 971 menaia
984 926 1108 987 Aegatae

160 987 294 1033 nominatus
310 996 353 1035 eat.
386 989 433 1034 Dio
452 988 515 1034 6555.
533 990 572 1046 55,
590 984 747 1050 6.-[Arqat]
770 987 860 1035 καίτοι.
875 988 1024 1037 ‘Confiteorz
1043 1000 1108 1038 atta·

160 1065 223 1108 men,
231 1066 303 1111 quum
315 1053 359 1099 boc
366 1052 399 1099 aio
407 1068 431 1099 ae
439 1053 532 1109 habeat,
541 1053 607 1099 dabie
616 1050 742 1114 cml-[Si
750 1051 797 1115 aaa]
812 1054 899 1100 Nostra
909 1054 978 1100 lectio
988 1056 1109 1103 aemonia

160 1116 291 1175 quotidiani
312 1117 411 1163 formula
432 1127 468 1164 eat
486 1118 648 1179 reperiturque
666 1119 737 1165 etiam
760 1120 821 1179 Epp.
845 1120 866 1173 l.
891 1118 929 1174 16,
951 1119 990 1165 21.
1025 1121 1108 1167 Plauti

161 1181 226 1227 Trin.
240 1182 261 1238 l,
272 1184 296 1238 2,
309 1182 346 1237 la,
363 1183 427 1229 Bene
444 1183 519 1229 terete
534 1190 569 1230 eat
587 1185 652 1229 illam
666 1185 711 1230 tili
727 1185 782 1230 bane
798 1186 873 1230 volere
890 1191 914 1230 et
930 1188 1012 1232 aiem.
1048 1186 1105 1232 Ter.

161 1246 246 1294 Heaut.
261 1247 285 1303 3,
302 1248 324 1304 1,
335 1247 374 1303 21,
388 1248 455 1295 Volet
471 1254 539 1309 alque
556 1244 781 1309 aicit—[aemam]
800 1251 843 1294 ‘ut
860 1248 935 1294 abaim
953 1249 997 1295 lroc
1013 1264 1107 1306 menae,

160 1326 206 1370 quo
220 1314 308 1359 calores
322 1312 422 1358 austrini
437 1310 514 1373 (virg.
525 1314 604 1369 652,
621 1313 677 1369 276,
688 1315 714 1361 lo
731 1310 889 1373 Sciroceoc)
907 1314 933 1358 in
950 1315 1023 1359 carcaa
1039 1325 1107 1371 5555,

159 1384 187 1423 ut
207 1376 274 1424 multi
300 1377 405 1423 bominea
427 1377 564 1433 moriantur,
585 1379 695 1438 quocirca
715 1378 803 1437 ubique
827 1378 852 1423 in
873 1378 983 1424 funebre·
1005 1393 1106 1440 pompae

157 1438 434 1503 incurrimua.'-[Jicua
451 1440 542 1504 prima]
568 1444 629 1489 Puto
646 1458 686 1489 eaa
705 1457 764 1498 eme,
786 1458 838 1501 qure
856 1445 886 1488 ab
902 1442 969 1488 ltalia
978 1445 1106 1502 ficlifiori

84 1556 86 1561 ¹
157 1507 305 1566 appellantur
316 1515 347 1561 et,
358 1510 377 1552 si
394 1508 518 1554 immodice
533 1516 692 1562 asumuntur,
708 1507 776 1553 facile
789 1508 865 1553 lebrea
881 1508 992 1566 gignunt,
1001 1511 1105 1568 posteri-

157 1583 209 1617 ores
225 1570 313 1618 fructui
325 1571 361 1617 lici
373 1571 452 1617 biferae
463 1586 537 1631 quum
547 1573 594 1619 aint
604 1568 983 1633 raluberrimi-[Detigaotoree]
1004 1570 1102 1633 (inaer-

158 1634 245 1696 tolrera)
264 1636 383 1696 mancipes
397 1645 464 1683 eraut
475 1648 499 1683 et
511 1636 656 1684 ordinatorea
671 1637 790 1692 funerum,
802 1638 844 1695 qui
854 1652 897 1697 pro
911 1639 976 1684 certi
992 1640 1104 1685 mercede

155 1698 240 1746 funera
261 1703 374 1747 curabant
391 1702 466 1762 adJuti
485 1705 517 1749 ab
538 1702 681 1749 adminiatria
701 1701 783 1748 attalia
804 1717 822 1748 a.
840 1702 944 1762 pullatis,
965 1702 1103 1751 libitinariia

104 1804 108 1811 .
156 1764 293 1813 minoribus.
327 1766 385 1811 Tab.
398 1768 491 1813 lleracl.
502 1768 539 1813 ed.
552 1768 672 1814 Mareaoll.
681 1782 703 1827 p.
715 1767 754 1823 53,
765 1782 819 1813 ma
828 1783 887 1822 cuer,
902 1769 942 1828 qai
953 1770 1103 1826 praeconiare,

156 1831 341 1891 dieaigaoiionem
353 1827 410 1893 (sic)
422 1833 560 1879 libitinam
570 1827 646 1891 sarit,
663 1834 811 1880 amana
826 1835 963 1879 enuntiato.
997 1833 1104 1880 Deeorot

156 1903 235 1940 autem
247 1896 325 1942 neacio
336 1896 393 1955 quid
404 1896 471 1943 faceti
484 1897 553 1943 babet
563 1911 607 1957 pro
616 1900 697 1957 stipat,
706 1896 810 1956 itemque
821 1897 939 1943 fictoribus
949 1911 992 1956 pro
1003 1902 1103 1957 appari·

155 1961 248 2009 tortam

188 2024 211 2080 8,
223 2027 245 2073 9.
264 2021 399 2086 [sedulitas]
418 2024 458 2071 ‘iu
468 2025 573 2085 petronia
584 2026 713 2073 salutandis
724 2033 795 2085 atque
805 2026 830 2072 in
843 2027 930 2072 Forum
945 2026 1102 2085 deducentia,

155 2088 181 2135 in
203 2092 286 2152 oeterir
306 2090 396 2149 amicis,
413 2090 438 2135 in
457 2088 539 2151 primis
557 2092 706 2150 cubantibus,
722 2091 856 2150 frequenter
874 2090 992 2145 virendia’
1012 2092 1102 2139 65.-

157 2151 256 2218 [opella]
282 2156 435 2216 ‘quotidiana
454 2155 554 2214 negotia,
572 2156 659 2215 quibua
674 2156 700 2201 in
718 2156 780 2201 Foro
798 2156 922 2201 dumtaxat
941 2170 1024 2202 vacare
1045 2172 1102 2217 poa·

155 2234 243 2277 eumue,
261 2230 380 2279 tamquam
401 2220 515 2273 advocati,
532 2216 850 2282 aponum-[resignat]
876 2220 953 2275 ‘lacit
970 2228 999 2266 ut
1019 2235 1102 2269 coram

154 2285 254 2332 tectibus
264 2286 349 2347 aperiri
358 2286 466 2342 debeant,
477 2300 561 2345 quum,
572 2286 612 2345 qui
624 2284 775 2345 aorlpaeruut,
785 2295 883 2331 mortem
894 2285 1011 2331 obierint.¹

189 2350 289 2399 10-13.
309 2347 421 2412 [Quodsi]
450 2351 480 2396 li.
503 2351 517 2397 l.
541 2352 652 2411 temporie
672 2350 784 2397 conditio.
815 2352 864 2397 Sat.
886 2350 910 2405 2,
931 2350 955 2405 3,
975 2349 1013 2396 10.
1038 2351 1099 2398 AEn.

155 2415 179 2469 5,
196 2415 236 2471 64,
253 2417 370 2463 Praetereo
388 2418 409 2461 ai
426 2430 486 2462 nona
504 2416 564 2463 diem
580 2417 714 2463 arertolidrre
730 2416 813 2462 alaeam
832 2417 923 2461 Aurora
936 2416 1053 2462 attulerit
1065 2440 1102 2451 -

156 2476 256 2543 [illinet]
276 2480 377 2526 Primam
395 2480 496 2527 hiemem
507 2480 631 2540 significat.
643 2480 681 2527 ubi
693 2488 785 2527 montea
796 2480 882 2525 Albani
888 2481 939 2540 jam
949 2479 1004 2525 nite
1015 2495 1100 2541 arper-

154 2552 250 2603 guntur.
276 2543 324 2591 Cic.
344 2545 373 2590 de
391 2545 445 2591 Diu.
463 2545 484 2600 l,
503 2545 541 2601 11,
557 2547 653 2591 tumreloe
670 2546 761 2592 Albano
776 2547 801 2591 ia
816 2552 890 2591 noete
904 2546 997 2591 nicolas.
1008 2566 1041 2580 -
1054 2542 1102 2605 [aa

154 2607 228 2670 arare]
246 2610 271 2655 in
283 2610 395 2670 oppidum
407 2610 502 2669 aliquod
513 2610 665 2666 maritimum,
678 2610 776 2664 Veliam,
786 2610 910 2656 Salernum
922 2610 997 2670 (Epp.
1011 2609 1033 2664 1.
1047 2609 1099 2672 15.)

153 2674 191 2719 rel
201 2675 272 2720 etiam
283 2674 509 2721 oniam-intimo
525 2674 635 2721 amicitiae
650 2674 790 2734 aigniricatio
806 2674 868 2720 ineat
877 2674 903 2719 iu
914 2689 951 2720 vr.
961 2682 1025 2721 ootee
1035 2683 1100 2733 taur,

54 2740 60 2749 '
154 2747 181 2784 nt
199 2739 243 2784 Od.
262 2740 285 2793 2,
303 2739 326 2795 6,
343 2739 382 2795 24,
398 2741 555 2790 vethenici:
572 2739 597 2785 id
615 2742 679 2799 quod
695 2754 744 2786 non
759 2738 933 2793 intellexerunt,
950 2738 991 2797 qui
1008 2736 1035 2785 in
1052 2740 1101 2789 bae

155 2803 262 2863 Epistoli
277 2805 333 2850 auria
347 2818 424 2849 acrem
438 2804 529 2850 Horatii
540 2818 593 2851 curn
605 2805 735 2852 Maecenate
744 2804 954 2864 expoatulationem
966 2804 1101 2863 repperime

154 2867 198 2915 eibi
216 2867 258 2914 riti
275 2866 563 2931 eunt—[Contracrmque
574 2866 646 2931 leget]
665 2871 763 2925 ‘Omae,
774 2869 845 2915 etiam
857 2867 1002 2914 leviaaimum
1012 2867 1099 2929 trigue,

153 2933 296 2993 quodquam
307 2934 430 2979 moleatum
448 2934 506 2980 milri
523 2935 552 2981 ait
567 2937 639 2995 probe
650 2934 719 2991 noeti,
730 2935 853 2993 vitaturos,
862 2933 966 2979 reatibus
976 2933 1099 2982 involutae

153 3012 191 3044 me
200 3006 314 3057 quantum
327 3006 415 3058 potero,
425 2999 482 3045 dum
500 3002 622 3047 commode
639 3000 700 3060 lego,
713 2999 849 3046 contraham
862 3006 933 3057 atque
951 2998 1098 3046 incurvaba’

153 3064 200 3109 Sat.
217 3064 240 3119 2,
255 3061 277 3119 7,
293 3062 332 3119 66,
351 3064 496 3111 Contracturae
509 3067 762 3126 genibus-copule·
771 3059 905 3125 [linadiae
918 3059 1009 3124 prima]
1028 3064 1100 3111 cim

152 3128 215 3174 diem
227 3140 270 3174 xrt.
282 3128 369 3173 mentia
384 3128 513 3176 Februarii.
546 3130 583 3176 Ab
598 3129 726 3175 hirundine
736 3137 815 3174 autem
825 3143 887 3187 sepe
898 3143 940 3174 ver
950 3128 1100 3187 ouigmror.

153 3193 251 3240 Heaiod.
264 3194 292 3240 0.
304 3202 329 3239 et
340 3194 369 3238 l).
381 3193 437 3239 566.
454 3194 543 3240 Claud
555 3197 603 3241 Att.
619 3195 656 3247 16,
668 3195 691 3250 2,
702 3191 908 3255 λαλαγεῦσαρωι
917 3194 1000 3243 odeat.-
1018 3192 1098 3254 (unde

151 3272 216 3304 mare
234 3273 288 3304 moa
307 3259 351 3304 erit
367 3257 606 3320 apertum.)-l⁴lrgo
626 3259 749 3305 minimum
766 3268 856 3319 septem
876 3272 970 3304 menaea
986 3259 1017 3303 ab
1035 3260 1096 3306 urbe

150 3322 257 3370 afuturur
266 3332 316 3369 erat
328 3322 446 3369 Horatius.

185 3387 287 3435 lt-lss.
305 3384 385 3449 [Non]
402 3388 471 3433 ‘lant
489 3387 586 3433 minime
602 3402 664 3447 tegre
682 3394 707 3433 tu
724 3386 784 3433 ierea
799 3387 928 3433 absentiam
946 3401 1032 3442 meam,
1053 3388 1095 3433 ubi

151 3450 238 3510 celeria,
250 3454 303 3499 icleo
320 3453 481 3499 tantummodo
492 3466 530 3497 tna
541 3454 622 3498 aberae
632 3454 662 3497 ab
673 3454 740 3511 urbe,
749 3460 776 3497 ut
785 3452 880 3497 aauitati
891 3452 985 3497 tuendae
996 3465 1094 3512 operam

150 3516 213 3560 dem.
248 3518 298 3563 Hoc
314 3517 386 3577 igitur
401 3530 443 3576 pro
458 3516 563 3563 amicitii
579 3518 621 3563 tua
635 3516 717 3562 libenti
728 3516 807 3562 animo
817 3516 875 3561 mibi
886 3516 1094 3568 555551555ιί5ιί-

150 3592 321 3627 maneriorum
341 3584 384 3628 lroc
403 3582 451 3628 lore
473 3581 612 3628 beneficium
633 3581 658 3627 in
680 3595 719 3626 me
738 3580 857 3635 collatum,
876 3595 919 3640 par
937 3580 1020 3639 utique
1037 3581 1094 3637 illia,

150 3642 235 3704 quibua
252 3653 301 3693 tam
317 3646 444 3693 liberaliter
459 3660 497 3692 me
512 3655 567 3694 ante
583 3646 773 3706 affecisti‚quum
783 3645 809 3691 id
818 3660 910 3705 aemper
925 3654 1051 3705 epectarea,
1061 3660 1094 3693 na
