2442 4059
116 281 168 319 ua,
182 282 199 318 1.
212 268 249 334 7,]
449 268 731 316 ruraarnaratto
996 267 1060 332 207

115 422 179 469 dona
190 430 231 468 tua
242 434 380 481 quocunque
396 420 465 467 modo
476 432 580 479 unquam
595 418 655 465 mihl
666 434 765 466 onerora
775 418 873 467 fierentr
892 432 947 465 nam
957 420 1061 480 proiecto

114 496 142 533 tu
159 501 309 547 nequaquam
324 486 406 531 cimilia
418 500 442 531 er
454 486 608 531 calabrorum
624 484 725 541 illorum,
742 484 846 531 virorum
863 498 919 531 rane
937 486 1062 546 bonorum,

115 553 157 599 red
173 551 289 611 politioris
306 551 359 596 vitae
374 551 508 609 ignarorunr
526 544 743 611 cul—[Benigne]
770 550 863 596 Gratias
879 563 952 608 agene
971 554 1062 597 urbane

115 618 205 663 donum
217 617 302 675 hospes
313 624 410 662 recurat.
445 614 557 660 Similiter
569 614 687 673 Aristoph.
700 616 762 661 Rau.
773 615 828 671 509,
844 616 892 660 OE.
905 608 970 671 δεῦρ’
981 612 1060 662 εἴσιθι.

117 680 196 731 ΞΔΝ.
217 677 350 740 Kdltltrcr‘,
367 678 546 726 ἐπαινῶ-92,
565 674 635 725 Ἀλλ’
652 675 724 725 εἴσιθι
742 674 785 741 ἅμ’
802 676 863 742 ἐμοί.
892 678 972 728 MN.
990 677 1062 727 πάνυ
1121 726 1125 732 ,

117 744 316 809 nolon-[Turn
327 740 415 804 terreor]
429 745 503 790 ‘Tam
514 743 630 803 obligatur
639 743 681 789 tibi
692 759 745 790 aum
754 746 819 800 dono,
831 741 896 803 quod'
905 745 982 801 offere,
989 758 1061 806 quam

116 810 138 857 ai
149 812 232 857 eodem
244 819 342 857 onustus
353 810 448 855 domurn
460 808 575 855 redirem!

150 876 253 923 20-23.
272 870 367 936 [donat]
386 874 478 933 ‘abjiclt
494 874 559 919 velut
575 872 600 918 in
618 873 754 919 barathrum
769 888 805 929 ea,
822 888 874 932 quoe
890 873 940 933 lpae
955 873 1061 921 fastidit!

118 942 174 987 Son.
187 942 232 1001 Ep.
246 940 299 995 120,
311 941 383 986 Multi
393 945 453 996 runt,
464 941 503 999 qui
512 954 556 985 noro
566 938 660 996 donant,
669 939 711 984 red
716 936 849 999 projiciant.
857 962 888 972 -
899 935 985 1000 [reges]
1003 941 1061 986 Pro·

117 1005 194 1051 rerbil
215 1005 316 1065 speciem
338 1005 408 1050 habet
429 1004 488 1049 illud
510 1003 542 1049 M.
563 1002 650 1048 Pinarii
667 1005 730 1063 apud
750 1003 800 1049 cte.
821 1003 849 1048 d'e
867 1004 905 1049 Or.
925 1005 949 1057 2,
969 1005 1008 1061 65,
1030 1006 1063 1052 Ur

119 1072 235 1116 sementim
245 1066 339 1130 seceris,
350 1072 384 1115 ito
398 1064 572 1128 maroc-[arr
588 1082 637 1114 erre
650 1065 760 1129 wotos]
780 1068 861 1113 Graeca
877 1070 1019 1116 constructio
1036 1067 1061 1132 (ri

118 1129 216 1196 ἀγαθὸς
227 1132 267 1181 nui
279 1132 397 1198 φρόνιμος
407 1133 460 1190 τοῖς
470 1128 550 1187 ἀξίοις
561 1131 639 1193 φησὶν
648 1130 713 1179 εἶναι
723 1126 839 1195 ἕτοιμος)
856 1132 918 1177 haud
935 1147 988 1179 rara
998 1137 1062 1194 apud

118 1199 201 1259 podiae
215 1199 310 1245 Latinoa
321 1210 371 1259 poet
384 1201 453 1244 verba
464 1197 596 1243 affirmandi
613 1206 638 1243 et
653 1198 783 1243 sentiendi:
801 1198 846 1243 Od.
858 1197 881 1251 3,
893 1198 932 1251 27,
945 1198 983 1255 67,
999 1200 1062 1246 Uxor

119 1265 201 1310 invicti
214 1264 278 1310 Jouir
293 1279 340 1310 erre
357 1266 436 1311 nereio.
470 1262 555 1308 catull.
567 1260 590 1317 4,
601 1263 625 1317 2,
642 1262 756 1309 Pburelue
771 1263 810 1308 iile
827 1264 870 1308 Ait
879 1260 955 1321 soirre
971 1267 1062 1311 noviora

119 1330 259 1377 celerrimae.
285 1329 356 1387 ,Virp
370 1329 423 1375 AEn.
437 1329 459 1381 2,
469 1325 525 1381 377,
535 1328 606 1373 remit
619 1328 702 1373 medior
718 1328 823 1387 delapsae
833 1329 858 1373 irr
868 1328 948 1373 dorico.
981 1328 1062 1375 Etiam

119 1394 184 1453 apud
196 1393 302 1439 Tacitum
316 1393 376 1439 ilict.
388 1392 411 1449 4,
422 1394 462 1452 55,
472 1394 519 1451 ipre
531 1393 601 1437 bortis
607 1393 688 1451 populi
699 1392 740 1438 rto.
751 1408 819 1453 quarn
828 1390 1020 1453 rociuajoctobai.
1028 1416 1062 1429 —

121 1454 224 1520 [dignis]
243 1465 269 1503 ut
288 1459 357 1517 nepe,
375 1459 488 1504 absolute.
517 1456 630 1502 Laberius
647 1457 710 1516 apud
729 1457 790 1503 Gell.
810 1454 847 1510 17,
869 1456 907 1512 14,
925 1458 1063 1517 Beneficium

119 1524 197 1569 doado
207 1525 303 1583 occepit,
313 1525 352 1585 qui
362 1524 430 1584 digno
446 1522 527 1569 dedit:
542 1529 567 1567 et
584 1520 682 1581 quidem
698 1521 770 1567 datia.
787 1522 818 1566 de
832 1522 947 1581 perronio,
964 1538 1018 1579 non,
1035 1531 1063 1569 ut

119 1588 161 1635 alii
177 1588 310 1647 opinantur,
322 1586 429 1633 ablatio:
447 1586 491 1632 ‘ad
508 1600 536 1631 ea
554 1586 663 1631 donanda
680 1594 782 1645 paratur,
799 1600 851 1645 qua·
868 1587 940 1646 digna
956 1596 980 1633 et
995 1602 1021 1634 ao
1038 1596 1063 1635 ct

120 1652 196 1699 amico
212 1652 274 1699 rint!
309 1653 351 1699 Eat
366 1652 451 1711 igitur:
470 1650 526 1697 ‘Ait
542 1666 566 1697 re
583 1664 634 1697 erra
650 1660 785 1712 proruptum
801 1652 831 1697 ad
847 1652 961 1699 beneflcio
975 1650 1063 1713 imper·

121 1718 202 1764 tieuda
220 1717 353 1764 hominium
364 1717 420 1763 talia
431 1716 574 1762 merentibua
584 1724 608 1761 et
619 1722 702 1771 tamen,
712 1715 862 1775 quantumvis
874 1718 942 1763 bonus
956 1725 980 1763 et
991 1720 1063 1764 benc·

120 1782 180 1828 floue
196 1782 233 1838 sit,
250 1790 345 1843 propter
361 1782 386 1827 id
403 1781 479 1841 ipsum
497 1781 560 1840 quod
577 1782 670 1841 rapiens
685 1790 729 1838 eat,
744 1782 827 1826 eodem
843 1790 948 1841 ternpore
965 1782 1063 1829 uriniano

119 1846 221 1906 ignorat,
233 1847 429 1907 quemadmodum
445 1846 553 1905 ignorare
569 1845 646 1891 colent
660 1845 730 1891 stulte
746 1845 853 1902 benefici,
865 1849 921 1908 quid
930 1848 1024 1903 diatoni,
1037 1856 1063 1893 ut

119 1912 196 1968 aiunt,
206 1927 256 1959 oero
267 1913 359 1973 lupinis,
371 1912 395 1957 id
407 1918 449 1967 eat,
459 1911 543 1970 dignor
554 1911 583 1955 ab
593 1909 698 1968 indignis
714 1911 841 1971 prudenter
857 1911 993 1971 distinguit3
1010 1913 1064 1958 illoc

121 1977 229 2023 rublerat
239 1987 262 2023 et
273 1976 379 2033 honorat,
389 1977 430 2022 hoa
441 1974 540 2035 derpicit
549 1988 577 2021 ac
587 1973 639 2021 rlue
648 1974 717 2021 donio
731 1975 844 2022 dimittit·
852 2000 886 2010 -—
893 1972 954 2037 [ora
963 1974 1062 2039 iopirria]

121 2041 274 2088 Proverbium
296 2049 372 2088 ortum
395 2055 425 2089 ex
446 2040 619 2100 comparatione
639 2040 746 2099 pecunia
764 2049 788 2087 et
808 2041 952 2101 lupinorum,
977 2042 1063 2101 qulbus

121 2106 189 2167 quasi
207 2105 290 2153 fictitii
310 2106 411 2167 pecnnia
432 2107 558 2152 utebantur
579 2112 603 2151 et
623 2106 736 2151 aleatores
757 2116 781 2151 et
797 2106 922 2152 birtrionea
941 2107 965 2151 in
984 2108 1063 2153 sceui.
1104 2134 1111 2146 .

122 2172 199 2218 Plaut
211 2172 275 2218 ron.
289 2172 312 2226 3,
324 2173 347 2226 2,
358 2172 398 2229 20,
411 2172 457 2217 Aa.
468 2172 548 2231 Agite,
565 2172 686 2230 inspiciter
704 2186 785 2217 aarum
801 2178 843 2217 ert.
860 2171 939 2216 Coun.
950 2168 1063 2230 Profecto,

121 2243 266 2297 motatorem
274 2238 396 2283 comicumr
413 2236 531 2283 Maceroto
540 2238 581 2282 boc
589 2236 752 2296 pinguefiant
761 2250 817 2281 auro
827 2238 852 2280 ir
864 2236 973 2281 borborid
984 2236 1054 2282 iocor.

154 2301 194 2347 24.
213 2297 340 2363 [Dignum]
359 2301 505 2347 constructio
516 2299 609 2346 videtur
624 2300 771 2359 expedienda
787 2300 818 2345 ad
836 2313 941 2344 normam
957 2299 1002 2344 loci
1015 2299 1063 2345 Lu·

121 2367 220 2411 cretiani
236 2367 260 2421 5,
279 2365 300 2422 l,
316 2368 552 2427 dignum-carmen
573 2365 674 2411 Condere
687 2378 739 2425 pro
755 2378 832 2410 rerum
848 2361 969 2425 majestate
985 2366 1063 2425 dieque

121 2434 220 2491 repertio
226 2448 235 2484 ,-
253 2440 279 2476 ut
289 2431 318 2477 ait
329 2432 450 2491 according
462 2436 484 2477 to
495 2432 532 2476 tie
543 2431 616 2476 coorti
627 2443 653 2475 or
663 2431 749 2475 merite.
771 2429 849 2486 ‘Ergo
860 2430 931 2474 etiarn
942 2444 979 2474 rne
991 2431 1063 2476 talem

121 2498 245 2557 praestabo,
262 2496 356 2555 qualem
373 2495 471 2555 requirit
486 2496 538 2541 laus
556 2496 617 2541 baua
635 2494 664 2539 do
681 2508 718 2540 me
737 2493 857 2549 merentia,
873 2494 899 2540 id
913 2504 955 2547 est,
972 2495 1023 2540 ioue
1040 2504 1064 2541 et

121 2560 196 2605 virtue
207 2560 263 2606 tua!

155 2624 259 2678 uo—tt.
277 2620 396 2685 [aequora]
415 2622 453 2669 ‘in
469 2636 634 2683 quemcunque
649 2623 726 2669 locum
744 2630 811 2669 extra
827 2623 924 2669 urbem.¹
936 2648 969 2659 -
981 2620 1065 2685 [Forte

123 2686 198 2749 lotar]
213 2691 304 2750 potieru
320 2690 404 2736 laboris
421 2686 534 2749 (Quintil.
546 2688 647 2735 Prooem.
661 2687 715 2748 27),
731 2689 795 2745 quod
810 2688 937 2748 requiritur
953 2690 983 2735 ad
999 2691 1065 2737 urbia

123 2753 213 2815 plateae
228 2755 404 2813 percurrendos,
418 2754 488 2799 collea
504 2755 554 2813 ejue
571 2754 729 2799 accendendos
745 2751 959 2816 cet.-—[onguato]
980 2755 1065 2802 Tenuis

124 2816 181 2875 (Od.
195 2819 217 2875 l,
228 2819 267 2878 33,
278 2819 313 2879 5),
331 2820 405 2866 brevio
421 2818 535 2878 (Martial.
553 2817 575 2872 4,
592 2817 630 2873 42,
647 2815 675 2878 9)
680 2816 748 2877 frona
765 2832 807 2877 pro
817 2819 916 2878 pulchri
927 2820 1063 2867 habebatur.

125 2883 193 2929 Tunc
204 2892 291 2955 autem,
300 2898 420 2943 praconua
430 2897 483 2929 curu
494 2890 555 2927 erret
567 2881 640 2941 (iipp.
652 2882 674 2938 l,
684 2882 724 2937 20,
733 2880 777 2943 24)
789 2882 852 2929 irone
864 2884 956 2931 calvitio
967 2885 1064 2931 dilatata

122 2956 182 2995 emi.

156 3012 260 3059 23-32
278 3008 373 3073 [Forte]
392 3012 459 3059 ‘iam
476 3025 533 3057 vero
549 3008 661 3069 quoniam
678 3010 728 3056 lieri
745 3012 835 3071 nequit,
845 3014 985 3073 utpriatinar
1002 3012 1064 3060 vireo

123 3078 183 3123 mihi
200 3079 304 3133 redeant,
323 3078 421 3123 liberum
438 3086 500 3123 certe
516 3090 554 3121 me
570 3089 621 3121 erae
636 3073 920 3140 cupio.¹—[ou1pecalu]
939 3077 1064 3137 lugenioce

123 3157 181 3189 eane
195 3142 270 3189 Bentl.
282 3142 381 3202 conjecit
390 3142 500 3197 nitedula,
517 3140 629 3195 maximo,
642 3140 698 3199 quia
708 3141 789 3201 vulpe·
803 3142 920 3189 frumento
930 3158 977 3188 non
988 3142 1063 3188 reaci-

124 3217 170 3254 tur·
205 3207 268 3252 lium
289 3216 368 3253 autem
390 3204 463 3253 cecati
482 3212 537 3253 aunt
553 3204 694 3251 recentiorea
710 3220 791 3252 oroneo
808 3216 893 3268 praeter
909 3207 1063 3263 Schmidium,

124 3272 166 3332 qui
182 3271 300 3331 cupienter
313 3286 393 3317 aurem
410 3271 509 3331 praebuit
526 3271 635 3335 Jacobrio
652 3268 738 3328 (lectt.
752 3271 838 3319 Venor.
858 3288 880 3332 p.
900 3270 943 3330 99)
962 3271 1062 3327 docenti,

124 3336 300 3395 tutiqulraimoa
317 3336 466 3397 apologorum
483 3336 616 3382 inventores
634 3335 803 3395 probabilitatis
820 3346 924 3383 externae
934 3336 971 3381 vel
986 3336 1062 3382 dicam

124 3402 230 3463 physicae
246 3402 315 3461 longe
333 3400 446 3446 minorem
463 3401 577 3447 rationem
591 3400 700 3446 babulrae
714 3415 785 3460 quarn
798 3401 918 3455 doctrinae,
933 3414 1004 3459 quam
1020 3415 1064 3460 per

125 3466 261 3527 huiusmodi
282 3466 402 3512 involucra
419 3465 569 3525 popularibus
588 3464 636 3510 ruia
658 3466 751 3511 cadmo
767 3467 869 3511 vellentr
891 3464 965 3510 sicin
981 3478 1063 3512 corum

123 3532 217 3579 inbellis
234 3532 334 3586 leonem,
351 3531 441 3586 bovem,
459 3544 551 3589 capram
570 3542 618 3575 una
636 3537 747 3575 renatum
765 3530 807 3585 ire,
825 3544 880 3575 ovea
895 3528 1019 3587 glandibua
1038 3538 1063 3577 et

124 3606 246 3657 portorum
266 3593 360 3656 pannio,
378 3595 457 3641 leones
478 3594 553 3640 ferini
571 3595 625 3640 ared
645 3595 716 3649 reici,
736 3604 841 3639 montem
861 3594 977 3652 parturire
998 3595 1064 3641 nasci

124 3674 225 3718 murem,
244 3674 271 3706 ac
288 3659 422 3707 rimilia-
434 3655 571 3720 [currerunt]
590 3658 650 3705 Vide
668 3659 718 3705 Sat.
736 3657 757 3713 l,
775 3658 796 3713 l,
812 3657 852 3703 53.
863 3682 895 3691 -
909 3654 1014 3721 [proed]
1032 3660 1063 3706 de
