2442 4059
111 273 164 319 m
176 273 194 309 1,
208 258 258 322 lt]
441 259 723 309 mammarium
896 312 899 325 ,
988 264 1053 330 229

109 407 141 457 iv
164 406 317 474 σκληροτέρᾳ
336 406 442 474 γένηται
458 406 582 473 ἀλγηδόνι
599 408 617 469 ἣ
634 408 777 474 πηρώσεσιν
793 410 810 471 ἣ
829 411 914 470 νόσοις
932 411 1054 475 ἀνιάτοις.

110 476 184 527 Quod
195 486 336 537 preceptum
351 484 444 522 secutus
454 484 490 522 est
502 477 567 522 Zeno
578 476 635 537 ipse.
660 477 720 523 ibid.
732 478 811 524 28.—
824 476 917 540 [sulcet]
935 480 1053 541 i'lutarcb.

110 541 206 587 Consul.
220 541 263 588 13:
282 539 328 588 ἐὰν
339 537 514 603 καθαρεύωμεν
525 536 578 588 ἀπὸ
590 541 635 588 τοῦ
647 540 770 603 σώματος,
779 538 825 598 ἕως
835 541 869 591 ἂν
880 541 894 590 ὁ
905 542 965 602 θεὸς
976 544 1054 603 adrdc

110 601 234 668 ἀπολύσῃ
254 602 328 666 ἡμᾶς.
361 608 458 665 Seneca,
479 606 524 665 Ep.
545 607 588 654 10:
614 608 687 653 Nobis
706 608 762 653 solvi
779 612 855 668 perire
871 608 1054 671 est-[ultima

110 667 187 731 lineo]
212 672 256 716 Est
273 672 349 729 imago
363 685 378 716 a
388 671 449 717 circo
462 670 543 730 petita,
562 671 615 717 alba
631 671 694 717 linea
709 672 740 717 ad
755 681 849 730 metam,
868 675 932 720 sulco
943 677 1005 722 calce
1016 678 1053 723 vel

110 736 177 781 creti
194 736 289 795 repleto,
308 735 346 782 cui
360 743 509 795 opponuntur
525 750 635 783 carceres.
658 736 706 783 cic
718 737 747 783 de
759 738 813 783 Seu.
827 739 873 786 23:
891 741 981 800 Siquis
997 743 1053 789 daus

109 801 169 846 mihi
185 800 308 861 largiatur,
329 806 355 845 ut
370 816 397 847 es
411 802 453 847 lios
467 806 535 847 aetats
550 816 707 861 repuerascam
721 809 745 849 et
757 804 782 848 s'a
793 806 857 850 oanis
871 806 968 864 vagiant,
986 808 1052 855 ualde

109 880 219 920 recusem,
230 880 328 913 necuere
337 866 411 920 uelim,
422 867 488 925 quasi
497 867 591 912 decurso
601 868 682 925 spatio,
694 869 777 913 amice
787 869 820 913 ad
829 882 930 915 carceres
941 873 1051 917 revocari.

111 929 197 989 Eurip.
209 929 287 988 Antig.
306 930 344 975 Fr.
359 929 401 976 13:
421 924 477 976 Ἐπ’
494 928 575 992 dispar
591 926 684 992 ἥκομεν
696 930 816 994 γραμμὴν
827 933 918 979 κακῶν.
951 936 1051 993 ‘Moru’

110 993 199 1053 inquit,
215 994 222 1018 ⁴
233 1008 389 1041 aerumnarum
400 1002 470 1054 atque
477 996 578 1057 'omnino
589 1010 667 1041 rerum
678 996 833 1043 humanarum
845 1007 880 1043 est
891 997 960 1045 linia'

458 1189 617 1237 ariston
633 1190 713 1238 xvtt.

145 1318 253 1365 Aaoutt.
277 1320 363 1375 Scaeva,
379 1333 459 1379 eques,
478 1326 504 1366 ut
518 1320 585 1367 aiunt
596 1320 737 1376 Scholiasta,
755 1320 884 1378 Romanus,
900 1321 1004 1382 alioquin
1016 1333 1052 1371 est

111 1384 214 1445 ignotus.
247 1384 398 1445 Suspicantur
413 1385 519 1431 nonnulli
534 1385 608 1432 lilium
625 1385 696 1431 fuisse
713 1385 787 1431 Cassii
798 1386 891 1442 stare,
909 1388 1052 1436 centurionis

112 1448 240 1495 carmiani
253 1448 371 1495 fortissimi
388 1446 485 1510 (Caesar,
503 1450 530 1495 B.
543 1452 569 1497 C.
580 1450 604 1505 3,
615 1447 667 1510 53).
709 1450 771 1496 lluis
790 1450 861 1509 igitur
875 1452 949 1498 amico
962 1452 1052 1513 juniori

111 1513 175 1561 viam
186 1521 307 1568 monstrat,
325 1515 372 1574 qui
382 1514 539 1573 potentiorum
554 1514 659 1561 favorem
672 1514 718 1561 sibi
736 1523 809 1575 paret,
825 1515 859 1561 ita
870 1524 956 1572 tamen,
972 1525 998 1564 ut
1008 1533 1052 1566 nec

110 1578 243 1625 libertatem
256 1578 359 1638 ingenuo
370 1578 458 1624 homini
467 1579 620 1626 necessariam
628 1593 732 1638 unquam
742 1587 814 1625 exuat
824 1595 900 1639 neque
911 1582 1052 1631 adulationis

112 1644 205 1703 culpam
216 1644 344 1690 contrahat.
377 1642 452 1689 Simul
466 1643 583 1703 significat
600 1644 732 1699 lectoribus,
748 1646 865 1702 quomodo
875 1645 925 1705 ipse
936 1662 990 1693 cum
1001 1649 1052 1694 Au·

110 1715 182 1768 gusto
193 1715 217 1754 et
233 1708 361 1755 Maecenate
372 1708 445 1755 amice
456 1716 526 1768 atque
537 1708 647 1764 officiose,
657 1709 699 1754 sed
709 1717 788 1754 tamen
798 1709 872 1756 libero
883 1710 962 1758 animo
973 1712 1052 1760 vivete

110 1773 193 1827 soleat,
201 1773 260 1819 adeo
269 1780 295 1819 ut
304 1787 373 1819 nemo
383 1787 437 1819 eum
448 1781 542 1835 propter
551 1774 611 1820 hanc
623 1787 676 1819 cum
687 1773 844 1833 superioribus
855 1776 1052 1825 necessitudinem

110 1838 283 1897 reprehendere
293 1837 373 1897 possit.
406 1836 496 1897 Scripta
507 1837 648 1884 entlortasse
660 1850 741 1885 uma.
753 1837 809 1892 7³5.
1033 1843 1036 1849 '

146 1901 217 1948 l—d.
242 1899 377 1964 [Quamuis]
401 1917 454 1948 cum
472 1901 606 1958 indicativo,
626 1909 653 1948 ut
672 1917 693 1948 ι.
713 1903 752 1958 22,
767 1911 791 1949 et
811 1904 872 1965 Epp.
892 1904 913 1961 l,
930 1905 967 1962 14,
983 1905 1008 1962 6,
1024 1915 1052 1953 ut

110 1975 194 2013 contra
204 1982 337 2028 quamquam
353 1982 406 2012 cum
423 1966 577 2026 conjunctivo,
590 1967 655 2026 Virg.
671 1968 726 2015 AEn.
738 1967 761 2023 6,
779 1967 835 2025 394,
853 1967 999 2032 ilc-[per
1014 1978 1036 2019 ts

110 2030 182 2079 ‘sine
193 2030 288 2077 alterius
298 2032 439 2093 preceptoc’
458 2032 520 2078 ‘etsi
536 2046 632 2078 menon
644 2046 698 2091 eges
714 2033 900 2080 consultore.'—
914 2032 1037 2096 [amiculas

110 2096 199 2142 Catull.
213 2096 254 2152 3⁰,
273 2098 295 2150 2,
316 2096 488 2143 Diminutivum
508 2105 620 2151 teneram,
640 2098 688 2156 qud
707 2096 733 2143 in
752 2100 854 2144 Scaevam
875 2099 991 2145 animatus
1012 2101 1050 2157 sit,

110 2160 238 2207 amicitiam
247 2161 365 2220 exprimit.
372 2186 404 2196 -
412 2158 535 2222 [docendos
545 2158 632 2223 adduc]
652 2165 758 2221 ‘egomet
768 2163 819 2221 ipse
830 2163 977 2222 praeceptoris
988 2164 1050 2209 indi-

110 2226 197 2285 gens3'
214 2225 292 2272 miuus
303 2233 364 2273 recte
379 2227 419 2271 alii
433 2228 544 2286 Jungunt,
560 2228 621 2285 disce
632 2228 744 2273 decadas
757 2229 840 2285 adias,
855 2242 898 2287 pro
908 2229 1051 2275 docenda-

110 2286 241 2351 [propriam
250 2287 348 2352 ficiem]
365 2286 497 2354 ἀορίστως,
513 2290 521 2316 ‘
533 2291 557 2337 in
573 2306 624 2338 rem
635 2299 700 2337 tuam
710 2291 816 2348 vertere,’
828 2292 991 2351 degenerantis
1003 2293 1049 2339 lm-

111 2354 211 2401 tinitatis
221 2358 377 2416 appropriare:

143 2418 232 2467 6-10.
249 2416 479 2482 [primam-loram]
497 2419 543 2466 diei
554 2418 628 2466 civilis
637 2419 694 2465 inde
704 2434 719 2466 a
728 2418 783 2465 solis
795 2428 860 2475 ortnc
877 2420 968 2467 diversa
978 2422 1050 2482 igitur

110 2483 157 2531 tuit
166 2499 198 2531 ex
208 2484 353 2543 singulorum
364 2484 420 2531 anni
432 2492 561 2545 temporum
573 2484 670 2530 ratione.
677 2508 710 2518 -
720 2481 845 2547 [rotarum]
862 2492 887 2531 et
900 2485 987 2547 proprii
999 2488 1050 2535 cisii

110 2557 136 2595 et
146 2558 284 2606 ceterorum,
303 2550 387 2609 quibus
403 2549 496 2595 vehitur
509 2556 621 2608 patronus
636 2551 733 2609 ejusque
745 2549 874 2596 comitatus.
882 2578 914 2587 -
923 2547 1048 2615 [caupona]

110 2614 231 2675 cauponae
247 2615 349 2675 pervias
364 2614 467 2675 publicas
484 2614 546 2660 etin
566 2613 683 2673 oppidulis
696 2617 756 2661 'tune
772 2615 878 2674 pessimae
889 2625 964 2663 erant.
997 2619 1050 2665 Hoc

110 2678 184 2738 igitur
202 2679 272 2725 dicit:
294 2680 336 2725 ‘Si
357 2688 380 2725 te
398 2678 520 2725 offendunt
538 2679 612 2724 multa
631 2679 673 2724 illa
689 2678 800 2725 itinerum
818 2679 972 2736 incommoda,
993 2697 1050 2730 sana

110 2744 271 2791 desistendum
291 2744 332 2791 tibi
353 2744 397 2790 erit
419 2742 584 2803 aproposito‚’
605 2740 868 2805 dra-[Ferentinum]
894 2747 1051 2797 Hernicorum

110 2808 249 2869 oppidulum
259 2827 265 2863 t
277 2808 443 2869 ‘municipium
452 2808 495 2854 vise
506 2807 628 2854 Lavicanae
639 2809 669 2854 ad
680 2820 772 2855 xuvttt.
783 2808 900 2868 lapidem’
918 2811 999 2859 Canum.
1010 2814 1049 2861 Gr.

111 2873 141 2919 In
157 2873 213 2919 locis
228 2873 273 2919 illis
291 2873 399 2921 solitariis
413 2873 492 2919 Scaeva
508 2872 603 2918 sortasse
621 2873 735 2932 praedium
747 2874 886 2933 possidebat.
895 2900 927 2910 -
962 2875 1048 2939 esclls‘t]

109 2938 167 2997 ‘qui
178 2952 269 2997 semper
280 2938 355 2994 latuit,
366 2937 426 2983 vixit
435 2936 545 2997 ignotus!
562 2936 683 2995 significat
690 2938 785 2998 Epicuri
796 2938 855 2984 illud
865 2935 926 2986 λάθε
972 2939 1039 2998 'cac

129 3002 183 3059 .ll,
195 3003 232 3050 ta.
256 3001 375 3063 [prodesse
393 3000 452 3063 tais]
478 3004 608 3061 ‘quatenus
626 3001 651 3047 in
669 3011 721 3049 tuos
736 3012 846 3062 cognatos
864 3020 891 3052 ac
908 3007 1050 3054 necessarios

109 3068 229 3115 redundat
239 3065 303 3113 lavor
314 3067 387 3125 amici·
394 3066 548 3127 potentis'-
556 3064 701 3129 [benignitas]
719 3067 726 3092 ‘
737 3067 823 3115 lautius
834 3068 926 3127 vivere,'
944 3073 951 3094 ⁴
962 3071 1050 3129 largius

109 3132 181 3193 genio
198 3131 336 3192 indulgere!
347 3157 380 3166 -
388 3127 483 3193 [ιιιινι]
501 3134 608 3192 ‘pauper
624 3146 652 3178 ac
664 3132 741 3177 tenuis
754 3133 784 3179 ad
798 3134 935 3194 opulentum
949 3143 974 3180 et
984 3136 1050 3183 locu.

109 3196 213 3258 pletem!
240 3198 321 3245 Corum.
344 3197 384 3243 Gr.
426 3198 513 3244 Unctus
534 3196 554 3242 is
572 3207 615 3252 est,
635 3195 676 3256 qui
696 3197 759 3243 lauta
780 3200 868 3257 prabet
890 3198 1004 3256 convivia,
1022 3208 1049 3247 ut

110 3261 305 3322 Epp.1‚15‚44.
339 3260 387 3307 His
401 3268 550 3322 opponuntur
558 3262 622 3317 sicci,
639 3261 697 3321 ‘qui
710 3271 804 3322 propter
818 3271 979 3323 paupertatem
990 3263 1049 3311 cibis

109 3334 210 3373 utuntur
225 3326 402 3387 simplicissimis
416 3326 554 3386 quibusque,
572 3328 683 3375 modales
696 3328 771 3374 cibam
788 3330 817 3375 ab
835 3326 1048 3389 mutjurcksua’

109 3400 137 3438 ut
153 3391 188 3437 ait
201 3391 299 3438 Tertull.
312 3391 341 3437 de
356 3391 456 3451 Jejuniia
475 3391 496 3437 l.
514 3390 625 3438 Similiter
643 3391 691 3437 cte.
709 3406 752 3452 pro
768 3393 792 3438 S.
807 3393 902 3448 Roscio,
920 3391 958 3447 27,
974 3395 1049 3441 ιὶιιιιι

143 3519 246 3568 tit-16,
270 3517 311 3581 [St
324 3517 461 3581 pranderet]
485 3520 562 3567 Verba
581 3520 694 3580 Diogenis
715 3519 805 3580 Cynici.
827 3520 895 3581 Diog.
916 3521 942 3569 Is
958 3522 982 3578 2,
1001 3522 1047 3571 ott:

107 3582 242 3651 Παριόντα
260 3582 320 3633 ποτὲ
331 3582 498 3647 Ἀρίστιππον
514 3581 621 3647 λάχανα
638 3581 746 3633 πλύνων
761 3581 881 3648 Διογένης
896 3582 991 3649 ἔσκωψε
1007 3587 1048 3637 cai
