<?xml version="1.0" encoding="UTF-8"?>
<!DOCTYPE html PUBLIC "-//W3C//DTD XHTML 1.0 Transitional//EN"
    "http://www.w3.org/TR/xhtml1/DTD/xhtml1-transitional.dtd">
<html xmlns="http://www.w3.org/1999/xhtml" xml:lang="en" lang="en">
 <head>
  <title>
</title>
<meta http-equiv="Content-Type" content="text/html;charset=utf-8" />
  <meta name='ocr-system' content='tesseract 3.04.00' />
  <meta name='ocr-capabilities' content='ocr_page ocr_carea ocr_par ocr_line ocrx_word'/>
</head>
<body>
  <div class='ocr_page' id='page_1' title='image "./ecloghoratianad00flacgoog_0291.png"; bbox 0 0 2442 4059; ppageno 0'>
   <div class='ocr_carea' id='block_1_1' title="bbox 114 251 1063 350">
    <p class='ocr_par' dir='ltr' id='par_1_1' title="bbox 114 251 1063 350">
     <span class='ocr_line' id='line_1_1' title="bbox 114 251 1063 350; baseline -0.006 -12"><span class='ocrx_word' id='word_1_1' title='bbox 114 284 299 350; x_wconf 61' lang='lat' dir='ltr'><strong>inmensa]</strong></span> <span class='ocrx_word' id='word_1_2' title='bbox 457 284 738 333; x_wconf 79' lang='grc' dir='ltr'>ιιιιιιιιιιιιιιο.</span> <span class='ocrx_word' id='word_1_3' title='bbox 767 251 774 300; x_wconf 61' lang='grc'><em>”</em></span> <span class='ocrx_word' id='word_1_4' title='bbox 998 283 1063 349; x_wconf 74' lang='lat'><strong>283</strong></span> 
     </span>
    </p>
   </div>
   <div class='ocr_carea' id='block_1_2' title="bbox 116 430 1088 3351">
    <p class='ocr_par' dir='ltr' id='par_1_2' title="bbox 121 430 1064 812">
     <span class='ocr_line' id='line_1_2' title="bbox 123 430 1049 503; baseline -0.005 -15"><span class='ocrx_word' id='word_1_5' title='bbox 123 440 245 501; x_wconf 75' lang='lat' dir='ltr'><strong>Sophoclis</strong></span> <span class='ocrx_word' id='word_1_6' title='bbox 263 433 404 503; x_wconf 70' lang='lat' dir='ltr'><strong>Moortpiat</strong></span> <span class='ocrx_word' id='word_1_7' title='bbox 422 430 564 501; x_wconf 71' lang='lat' dir='ltr'><strong>rivtpunec,</strong></span> <span class='ocrx_word' id='word_1_8' title='bbox 580 430 915 497; x_wconf 68' lang='grc' dir='ltr'>ἀλλοτριοφάγοι-[ιιιιι</span> <span class='ocrx_word' id='word_1_9' title='bbox 932 437 1049 483; x_wconf 71' lang='lat' dir='ltr'><strong>clintonia</strong></span> 
     </span>
     <span class='ocr_line' id='line_1_3' title="bbox 123 498 1021 564; baseline -0.007 -11"><span class='ocrx_word' id='word_1_10' title='bbox 123 506 217 553; x_wconf 85' lang='lat' dir='ltr'><strong>Persius</strong></span> <span class='ocrx_word' id='word_1_11' title='bbox 233 506 256 559; x_wconf 75' lang='lat'><strong>5,</strong></span> <span class='ocrx_word' id='word_1_12' title='bbox 273 503 295 558; x_wconf 83' lang='lat'><strong>7,</strong></span> <span class='ocrx_word' id='word_1_13' title='bbox 315 504 408 551; x_wconf 78' lang='lat' dir='ltr'><em>Grande</em></span> <span class='ocrx_word' id='word_1_14' title='bbox 426 503 522 548; x_wconf 69' lang='lat' dir='ltr'><strong>berturi</strong></span> <span class='ocrx_word' id='word_1_15' title='bbox 537 503 630 549; x_wconf 79' lang='lat' dir='ltr'><strong>nebulas</strong></span> <span class='ocrx_word' id='word_1_16' title='bbox 648 501 755 547; x_wconf 83' lang='lat' dir='ltr'><strong>Helieone</strong></span> <span class='ocrx_word' id='word_1_17' title='bbox 773 501 869 561; x_wconf 79' lang='lat' dir='ltr'><strong>legunto</strong></span> <span class='ocrx_word' id='word_1_18' title='bbox 903 498 939 547; x_wconf 78' lang='lat' dir='ltr'><strong>ol</strong></span> <span class='ocrx_word' id='word_1_19' title='bbox 959 514 1021 564; x_wconf 74' lang='grc' dir='ltr'><strong>τραγ</strong></span> 
     </span>
     <span class='ocr_line' id='line_1_4' title="bbox 121 559 1062 631; baseline -0.006 -14"><span class='ocrx_word' id='word_1_20' title='bbox 121 568 168 630; x_wconf 81' lang='grc' dir='ltr'>ἔτι,</span> <span class='ocrx_word' id='word_1_21' title='bbox 179 567 247 616; x_wconf 77' lang='grc' dir='ltr'><strong>ἀλλὰ</strong></span> <span class='ocrx_word' id='word_1_22' title='bbox 258 562 562 631; x_wconf 77' lang='grc' dir='ltr'>παρατράγῳδα-χαῢνα</span> <span class='ocrx_word' id='word_1_23' title='bbox 574 563 616 612; x_wconf 82' lang='lat' dir='ltr'><strong>tal</strong></span> <span class='ocrx_word' id='word_1_24' title='bbox 626 559 734 627; x_wconf 74' lang='lat' dir='ltr'><strong>pericopa</strong></span> <span class='ocrx_word' id='word_1_25' title='bbox 745 566 800 610; x_wconf 89' lang='lat' dir='ltr'><strong>talia</strong></span> <span class='ocrx_word' id='word_1_26' title='bbox 809 575 875 612; x_wconf 82' lang='lat' dir='ltr'><strong>vocnt</strong></span> <span class='ocrx_word' id='word_1_27' title='bbox 883 566 978 625; x_wconf 73' lang='lat' dir='ltr'><strong>Dionys</strong></span> <span class='ocrx_word' id='word_1_28' title='bbox 991 566 1062 624; x_wconf 72' lang='lat' dir='ltr'><strong>Loog.</strong></span> 
     </span>
     <span class='ocr_line' id='line_1_5' title="bbox 121 630 1064 690; baseline -0.008 -7"><span class='ocrx_word' id='word_1_29' title='bbox 121 637 146 683; x_wconf 74' lang='lat'><strong>8.</strong></span> <span class='ocrx_word' id='word_1_30' title='bbox 180 635 287 681; x_wconf 81' lang='lat' dir='ltr'><strong>‘Rursus</strong></span> <span class='ocrx_word' id='word_1_31' title='bbox 304 634 329 678; x_wconf 91' lang='lat' dir='ltr'><strong>in</strong></span> <span class='ocrx_word' id='word_1_32' title='bbox 346 634 410 679; x_wconf 86' lang='lat' dir='ltr'><strong>aliud</strong></span> <span class='ocrx_word' id='word_1_33' title='bbox 423 630 504 677; x_wconf 85' lang='lat' dir='ltr'><strong>vitium</strong></span> <span class='ocrx_word' id='word_1_34' title='bbox 520 631 586 677; x_wconf 79' lang='lat' dir='ltr'><strong>facile</strong></span> <span class='ocrx_word' id='word_1_35' title='bbox 602 631 693 677; x_wconf 76' lang='lat' dir='ltr'>incidet</span> <span class='ocrx_word' id='word_1_36' title='bbox 706 630 812 689; x_wconf 72' lang='lat' dir='ltr'><strong>satyrica</strong></span> <span class='ocrx_word' id='word_1_37' title='bbox 821 630 905 677; x_wconf 74' lang='lat' dir='ltr'><strong>tabula</strong></span> <span class='ocrx_word' id='word_1_38' title='bbox 916 631 1022 690; x_wconf 80' lang='lat' dir='ltr'><strong>scriptor,</strong></span> <span class='ocrx_word' id='word_1_39' title='bbox 1037 637 1064 675; x_wconf 89' lang='lat' dir='ltr'><strong>ot</strong></span> 
     </span>
     <span class='ocr_line' id='line_1_6' title="bbox 122 694 1063 758; baseline -0.006 -11"><span class='ocrx_word' id='word_1_40' title='bbox 122 702 185 747; x_wconf 86' lang='lat' dir='ltr'><strong>dum</strong></span> <span class='ocrx_word' id='word_1_41' title='bbox 193 698 250 745; x_wconf 83' lang='lat' dir='ltr'><strong>vitat</strong></span> <span class='ocrx_word' id='word_1_42' title='bbox 261 712 334 758; x_wconf 78' lang='lat' dir='ltr'><strong>genus</strong></span> <span class='ocrx_word' id='word_1_43' title='bbox 350 696 439 745; x_wconf 80' lang='lat' dir='ltr'>humile</span> <span class='ocrx_word' id='word_1_44' title='bbox 454 696 560 754; x_wconf 70' lang='lat' dir='ltr'><strong>turgidus</strong></span> <span class='ocrx_word' id='word_1_45' title='bbox 571 695 620 750; x_wconf 77' lang='lat' dir='ltr'><strong>uas,</strong></span> <span class='ocrx_word' id='word_1_46' title='bbox 636 694 812 754; x_wconf 80' lang='lat' dir='ltr'><strong>dithyrambicis</strong></span> <span class='ocrx_word' id='word_1_47' title='bbox 823 695 898 742; x_wconf 82' lang='lat' dir='ltr'><strong>verbis</strong></span> <span class='ocrx_word' id='word_1_48' title='bbox 909 704 979 754; x_wconf 85' lang='lat' dir='ltr'><strong>atque</strong></span> <span class='ocrx_word' id='word_1_49' title='bbox 991 694 1063 755; x_wconf 89' lang='lat' dir='ltr'><strong>tropis</strong></span> 
     </span>
     <span class='ocr_line' id='line_1_7' title="bbox 123 763 209 812; baseline -0.035 0"><span class='ocrx_word' id='word_1_50' title='bbox 123 763 209 812; x_wconf 75' lang='lat' dir='ltr'><strong>utons.¹</strong></span> 
     </span>
    </p>

    <p class='ocr_par' dir='ltr' id='par_1_3' title="bbox 116 820 1088 1667">
     <span class='ocr_line' id='line_1_8' title="bbox 156 820 1088 888; baseline -0.008 -13"><span class='ocrx_word' id='word_1_51' title='bbox 156 827 291 877; x_wconf 68' lang='lat' dir='ltr'><strong>nul-uua</strong></span> <span class='ocrx_word' id='word_1_52' title='bbox 310 822 435 888; x_wconf 84' lang='lat' dir='ltr'><strong>[Effutr&#39;re]</strong></span> <span class='ocrx_word' id='word_1_53' title='bbox 453 827 556 871; x_wconf 85' lang='lat' dir='ltr'><strong>‘temere</strong></span> <span class='ocrx_word' id='word_1_54' title='bbox 567 822 697 875; x_wconf 88' lang='lat' dir='ltr'><strong>blaterare,&#39;</strong></span> <span class='ocrx_word' id='word_1_55' title='bbox 709 829 732 870; x_wconf 81' lang='lat' dir='ltr'><strong>to</strong></span> <span class='ocrx_word' id='word_1_56' title='bbox 740 824 871 884; x_wconf 74' lang='lat' dir='ltr'><strong>galila-</strong></span> <span class='ocrx_word' id='word_1_57' title='bbox 882 820 964 885; x_wconf 81' lang='lat' dir='ltr'><strong>[leves]</strong></span> <span class='ocrx_word' id='word_1_58' title='bbox 982 823 1062 882; x_wconf 79' lang='lat' dir='ltr'><strong>quales</strong></span> <span class='ocrx_word' id='word_1_59' title='bbox 1085 862 1088 868; x_wconf 94' lang='lat'>.</span> 
     </span>
     <span class='ocr_line' id='line_1_9' title="bbox 122 887 1062 954; baseline -0.007 -13"><span class='ocrx_word' id='word_1_60' title='bbox 122 907 246 954; x_wconf 83' lang='lat' dir='ltr'><strong>personam</strong></span> <span class='ocrx_word' id='word_1_61' title='bbox 259 892 369 939; x_wconf 82' lang='lat' dir='ltr'><strong>comicum</strong></span> <span class='ocrx_word' id='word_1_62' title='bbox 381 889 455 948; x_wconf 66' lang='lat' dir='ltr'><strong>magis</strong></span> <span class='ocrx_word' id='word_1_63' title='bbox 466 890 549 936; x_wconf 84' lang='lat' dir='ltr'><strong>decent</strong></span> <span class='ocrx_word' id='word_1_64' title='bbox 559 903 630 949; x_wconf 85' lang='lat' dir='ltr'><strong>quam</strong></span> <span class='ocrx_word' id='word_1_65' title='bbox 642 887 760 947; x_wconf 76' lang='lat' dir='ltr'><strong>tragicam,</strong></span> <span class='ocrx_word' id='word_1_66' title='bbox 778 898 803 933; x_wconf 93' lang='lat' dir='ltr'><strong>ut</strong></span> <span class='ocrx_word' id='word_1_67' title='bbox 820 898 855 935; x_wconf 81' lang='lat' dir='ltr'><strong>est</strong></span> <span class='ocrx_word' id='word_1_68' title='bbox 871 889 910 935; x_wconf 89' lang='lat' dir='ltr'><strong>ille</strong></span> <span class='ocrx_word' id='word_1_69' title='bbox 923 888 1062 947; x_wconf 79' lang='lat' dir='ltr'><strong>AEschyle&#39;ua</strong></span> 
     </span>
     <span class='ocr_line' id='line_1_10' title="bbox 121 950 1061 1017; baseline -0.006 -12"><span class='ocrx_word' id='word_1_70' title='bbox 121 959 147 1005; x_wconf 90' lang='lat' dir='ltr'><strong>in</strong></span> <span class='ocrx_word' id='word_1_71' title='bbox 166 959 268 1017; x_wconf 80' lang='lat' dir='ltr'><strong>Sisypho</strong></span> <span class='ocrx_word' id='word_1_72' title='bbox 285 950 398 1017; x_wconf 65' lang='grc' dir='ltr'><strong>δραπέτῃ</strong></span> <span class='ocrx_word' id='word_1_73' title='bbox 415 955 453 1001; x_wconf 84' lang='lat' dir='ltr'><strong>Fr.</strong></span> <span class='ocrx_word' id='word_1_74' title='bbox 464 955 519 1008; x_wconf 90' lang='lat'>212,</span> <span class='ocrx_word' id='word_1_75' title='bbox 533 956 577 1001; x_wconf 87' lang='lat' dir='ltr'><strong>D.:</strong></span> <span class='ocrx_word' id='word_1_76' title='bbox 595 951 730 1015; x_wconf 78' lang='grc' dir='ltr'><strong>ἀρουραῖος</strong></span> <span class='ocrx_word' id='word_1_77' title='bbox 747 950 1061 1015; x_wconf 51' lang='lat' dir='ltr'><strong>mirrhe-[Tragoedia]</strong></span> 
     </span>
     <span class='ocr_line' id='line_1_11' title="bbox 121 1013 1062 1087; baseline -0.009 -16"><span class='ocrx_word' id='word_1_78' title='bbox 121 1016 326 1087; x_wconf 81' lang='grc' dir='ltr'>προσωποπιιΐα,</span> <span class='ocrx_word' id='word_1_79' title='bbox 348 1031 374 1067; x_wconf 89' lang='lat' dir='ltr'><strong>ut</strong></span> <span class='ocrx_word' id='word_1_80' title='bbox 393 1020 417 1065; x_wconf 87' lang='lat' dir='ltr'><strong>in</strong></span> <span class='ocrx_word' id='word_1_81' title='bbox 439 1020 530 1066; x_wconf 73' lang='lat' dir='ltr'><strong>Tubuli</strong></span> <span class='ocrx_word' id='word_1_82' title='bbox 551 1020 623 1065; x_wconf 68' lang='lat' dir='ltr'><strong>iliaci</strong></span> <span class='ocrx_word' id='word_1_83' title='bbox 643 1028 760 1077; x_wconf 88' lang='lat' dir='ltr'><strong>comparet</strong></span> <span class='ocrx_word' id='word_1_84' title='bbox 777 1013 910 1080; x_wconf 77' lang='grc' dir='ltr'><strong>Τραγῳδία</strong></span> <span class='ocrx_word' id='word_1_85' title='bbox 929 1020 988 1072; x_wconf 70' lang='lat' dir='ltr'><strong>deur</strong></span> <span class='ocrx_word' id='word_1_86' title='bbox 1011 1018 1062 1064; x_wconf 85' lang='lat' dir='ltr'><strong>eine</strong></span> 
     </span>
     <span class='ocr_line' id='line_1_12' title="bbox 120 1079 1060 1147; baseline -0.006 -12"><span class='ocrx_word' id='word_1_87' title='bbox 120 1087 234 1147; x_wconf 78' lang='lat' dir='ltr'>imagine,</span> <span class='ocrx_word' id='word_1_88' title='bbox 245 1089 335 1146; x_wconf 77' lang='lat' dir='ltr'><strong>‘partes</strong></span> <span class='ocrx_word' id='word_1_89' title='bbox 347 1086 443 1131; x_wconf 88' lang='lat' dir='ltr'><strong>deorum</strong></span> <span class='ocrx_word' id='word_1_90' title='bbox 454 1093 525 1144; x_wconf 88' lang='lat' dir='ltr'><strong>atque</strong></span> <span class='ocrx_word' id='word_1_91' title='bbox 536 1084 633 1131; x_wconf 87' lang='lat' dir='ltr'><strong>heroum</strong></span> <span class='ocrx_word' id='word_1_92' title='bbox 642 1081 666 1128; x_wconf 90' lang='lat' dir='ltr'><strong>in</strong></span> <span class='ocrx_word' id='word_1_93' title='bbox 676 1082 759 1129; x_wconf 79' lang='lat' dir='ltr'><strong>fabulis</strong></span> <span class='ocrx_word' id='word_1_94' title='bbox 766 1084 924 1141; x_wconf 75' lang='lat' dir='ltr'><strong>satyricia&#39;-</strong></span> <span class='ocrx_word' id='word_1_95' title='bbox 933 1079 1060 1144; x_wconf 82' lang='lat' dir='ltr'><strong>[matrona]</strong></span> 
     </span>
     <span class='ocr_line' id='line_1_13' title="bbox 122 1145 1062 1208; baseline -0.006 -7"><span class='ocrx_word' id='word_1_96' title='bbox 122 1153 171 1201; x_wconf 80' lang='lat' dir='ltr'><strong>ctr.</strong></span> <span class='ocrx_word' id='word_1_97' title='bbox 184 1153 229 1199; x_wconf 86' lang='lat' dir='ltr'><strong>od.</strong></span> <span class='ocrx_word' id='word_1_98' title='bbox 241 1152 265 1203; x_wconf 82' lang='lat'><strong>3,</strong></span> <span class='ocrx_word' id='word_1_99' title='bbox 279 1150 315 1205; x_wconf 94' lang='grc'><strong>14,</strong></span> <span class='ocrx_word' id='word_1_100' title='bbox 326 1151 349 1197; x_wconf 75' lang='grc' dir='ltr'><strong>ὃ.</strong></span> <span class='ocrx_word' id='word_1_101' title='bbox 367 1150 414 1196; x_wconf 86' lang='lat' dir='ltr'><strong>‘Ut</strong></span> <span class='ocrx_word' id='word_1_102' title='bbox 433 1158 538 1195; x_wconf 83' lang='lat' dir='ltr'><strong>matrona</strong></span> <span class='ocrx_word' id='word_1_103' title='bbox 556 1150 662 1193; x_wconf 82' lang='lat' dir='ltr'><strong>Romana</strong></span> <span class='ocrx_word' id='word_1_104' title='bbox 677 1145 813 1207; x_wconf 80' lang='lat' dir='ltr'><strong>pontificum</strong></span> <span class='ocrx_word' id='word_1_105' title='bbox 823 1149 891 1206; x_wconf 83' lang='lat' dir='ltr'><strong>jussu</strong></span> <span class='ocrx_word' id='word_1_106' title='bbox 907 1147 931 1192; x_wconf 91' lang='lat' dir='ltr'><strong>in</strong></span> <span class='ocrx_word' id='word_1_107' title='bbox 946 1147 1062 1208; x_wconf 78' lang='lat' dir='ltr'><strong>supplica·</strong></span> 
     </span>
     <span class='ocr_line' id='line_1_14' title="bbox 121 1210 1062 1273; baseline -0.007 -10"><span class='ocrx_word' id='word_1_108' title='bbox 121 1218 187 1265; x_wconf 89' lang='lat' dir='ltr'><strong>tione</strong></span> <span class='ocrx_word' id='word_1_109' title='bbox 198 1231 250 1263; x_wconf 88' lang='lat' dir='ltr'><strong>oum</strong></span> <span class='ocrx_word' id='word_1_110' title='bbox 262 1217 314 1261; x_wconf 86' lang='lat' dir='ltr'><strong>aliis</strong></span> <span class='ocrx_word' id='word_1_111' title='bbox 325 1224 430 1261; x_wconf 85' lang='lat' dir='ltr'><strong>movetur</strong></span> <span class='ocrx_word' id='word_1_112' title='bbox 441 1214 465 1259; x_wconf 87' lang='lat' dir='ltr'><strong>in</strong></span> <span class='ocrx_word' id='word_1_113' title='bbox 477 1228 600 1259; x_wconf 82' lang='lat' dir='ltr'><strong>numerum</strong></span> <span class='ocrx_word' id='word_1_114' title='bbox 613 1210 664 1273; x_wconf 81' lang='lat' dir='ltr'><strong>(ost.</strong></span> <span class='ocrx_word' id='word_1_115' title='bbox 678 1213 738 1273; x_wconf 82' lang='lat' dir='ltr'><strong>lipp.</strong></span> <span class='ocrx_word' id='word_1_116' title='bbox 747 1213 770 1267; x_wconf 87' lang='lat'><strong>2,</strong></span> <span class='ocrx_word' id='word_1_117' title='bbox 777 1213 801 1266; x_wconf 92' lang='lat'><strong>2,</strong></span> <span class='ocrx_word' id='word_1_118' title='bbox 811 1212 856 1259; x_wconf 77' lang='grc'><strong>124</strong></span> <span class='ocrx_word' id='word_1_119' title='bbox 868 1211 950 1258; x_wconf 83' lang='lat' dir='ltr'><strong>harum</strong></span> <span class='ocrx_word' id='word_1_120' title='bbox 962 1211 1062 1271; x_wconf 76' lang='lat' dir='ltr'><strong>eologg.)</strong></span> 
     </span>
     <span class='ocr_line' id='line_1_15' title="bbox 120 1276 1063 1341; baseline -0.006 -12"><span class='ocrx_word' id='word_1_121' title='bbox 120 1282 266 1341; x_wconf 85' lang='lat' dir='ltr'><strong>ohorumque</strong></span> <span class='ocrx_word' id='word_1_122' title='bbox 276 1280 359 1340; x_wconf 79' lang='lat' dir='ltr'>pudice</span> <span class='ocrx_word' id='word_1_123' title='bbox 371 1278 435 1325; x_wconf 83' lang='lat' dir='ltr'><strong>ducit</strong></span> <span class='ocrx_word' id='word_1_124' title='bbox 446 1292 488 1324; x_wconf 86' lang='lat' dir='ltr'><strong>neo</strong></span> <span class='ocrx_word' id='word_1_125' title='bbox 500 1286 524 1323; x_wconf 92' lang='lat' dir='ltr'><strong>ut</strong></span> <span class='ocrx_word' id='word_1_126' title='bbox 533 1286 640 1336; x_wconf 83' lang='lat' dir='ltr'><strong>proterva</strong></span> <span class='ocrx_word' id='word_1_127' title='bbox 651 1276 722 1321; x_wconf 88' lang='lat' dir='ltr'><strong>mima</strong></span> <span class='ocrx_word' id='word_1_128' title='bbox 729 1278 887 1335; x_wconf 70' lang='lat' dir='ltr'>gesticulatur,</span> <span class='ocrx_word' id='word_1_129' title='bbox 896 1277 928 1323; x_wconf 85' lang='lat' dir='ltr'><strong>its</strong></span> <span class='ocrx_word' id='word_1_130' title='bbox 938 1276 1063 1335; x_wconf 77' lang='lat' dir='ltr'><strong>Tragoedia</strong></span> 
     </span>
     <span class='ocr_line' id='line_1_16' title="bbox 118 1342 1061 1401; baseline -0.007 -7"><span class='ocrx_word' id='word_1_131' title='bbox 118 1346 229 1394; x_wconf 79' lang='lat' dir='ltr'><strong>natimm</strong></span> <span class='ocrx_word' id='word_1_132' title='bbox 248 1359 315 1391; x_wconf 83' lang='lat' dir='ltr'><strong>tuum</strong></span> <span class='ocrx_word' id='word_1_133' title='bbox 337 1346 442 1392; x_wconf 81' lang='lat' dir='ltr'>decorem</span> <span class='ocrx_word' id='word_1_134' title='bbox 465 1356 560 1389; x_wconf 74' lang='lat' dir='ltr'><strong>terrens</strong></span> <span class='ocrx_word' id='word_1_135' title='bbox 576 1342 695 1401; x_wconf 80' lang='lat' dir='ltr'><strong>adJusabit</strong></span> <span class='ocrx_word' id='word_1_136' title='bbox 711 1342 792 1387; x_wconf 85' lang='lat' dir='ltr'><strong>drama</strong></span> <span class='ocrx_word' id='word_1_137' title='bbox 808 1342 935 1401; x_wconf 83' lang='lat' dir='ltr'><strong>satyricum</strong></span> <span class='ocrx_word' id='word_1_138' title='bbox 956 1342 986 1387; x_wconf 85' lang='lat' dir='ltr'><strong>ad</strong></span> <span class='ocrx_word' id='word_1_139' title='bbox 1002 1356 1061 1401; x_wconf 89' lang='lat' dir='ltr'><strong>opus</strong></span> 
     </span>
     <span class='ocr_line' id='line_1_17' title="bbox 120 1406 1061 1470; baseline -0.007 -12"><span class='ocrx_word' id='word_1_140' title='bbox 120 1426 193 1459; x_wconf 86' lang='lat' dir='ltr'><strong>auum</strong></span> <span class='ocrx_word' id='word_1_141' title='bbox 214 1408 389 1470; x_wconf 68' lang='lat' dir='ltr'><strong>peragendum!</strong></span> <span class='ocrx_word' id='word_1_142' title='bbox 423 1409 498 1455; x_wconf 81' lang='lat' dir='ltr'><strong>‘Sunt</strong></span> <span class='ocrx_word' id='word_1_143' title='bbox 519 1406 582 1453; x_wconf 88' lang='lat' dir='ltr'><strong>enim</strong></span> <span class='ocrx_word' id='word_1_144' title='bbox 605 1407 712 1466; x_wconf 74' lang='lat' dir='ltr'><strong>quedam</strong></span> <span class='ocrx_word' id='word_1_145' title='bbox 730 1420 803 1460; x_wconf 76' lang='lat' dir='ltr'><strong>saera,</strong></span> <span class='ocrx_word' id='word_1_146' title='bbox 824 1407 849 1451; x_wconf 91' lang='lat' dir='ltr'><strong>in</strong></span> <span class='ocrx_word' id='word_1_147' title='bbox 872 1406 957 1465; x_wconf 84' lang='lat' dir='ltr'><strong>quibua</strong></span> <span class='ocrx_word' id='word_1_148' title='bbox 975 1407 1061 1453; x_wconf 86' lang='lat' dir='ltr'><strong>saltant</strong></span> 
     </span>
     <span class='ocr_line' id='line_1_18' title="bbox 120 1467 1060 1583; baseline -0.005 -61"><span class='ocrx_word' id='word_1_149' title='bbox 120 1485 244 1530; x_wconf 75' lang='lat' dir='ltr'><strong>matrona,</strong></span> <span class='ocrx_word' id='word_1_150' title='bbox 254 1476 312 1521; x_wconf 87' lang='lat' dir='ltr'><strong>sicut</strong></span> <span class='ocrx_word' id='word_1_151' title='bbox 322 1475 346 1519; x_wconf 85' lang='lat' dir='ltr'><strong>in</strong></span> <span class='ocrx_word' id='word_1_152' title='bbox 356 1472 425 1520; x_wconf 88' lang='lat' dir='ltr'><strong>sacris</strong></span> <span class='ocrx_word' id='word_1_153' title='bbox 435 1472 515 1518; x_wconf 86' lang='lat' dir='ltr'><strong>Matris</strong></span> <span class='ocrx_word' id='word_1_154' title='bbox 524 1471 609 1517; x_wconf 70' lang='lat' dir='ltr'><strong>deum!</strong></span> <span class='ocrx_word' id='word_1_155' title='bbox 622 1467 823 1532; x_wconf 59' lang='lat' dir='ltr'><strong>Aere-[Satyris</strong></span> <span class='ocrx_word' id='word_1_156' title='bbox 830 1469 953 1532; x_wconf 76' lang='lat' dir='ltr'><strong>protervit]</strong></span> <span class='ocrx_word' id='word_1_157' title='bbox 966 1479 1060 1583; x_wconf 81' lang='lat' dir='ltr'><strong>proptor</strong></span> 
     </span>
     <span class='ocr_line' id='line_1_19' title="bbox 116 1532 1059 1603; baseline -0.008 -14"><span class='ocrx_word' id='word_1_158' title='bbox 116 1543 186 1603; x_wconf 69' lang='lat' dir='ltr'><strong>loros</strong></span> <span class='ocrx_word' id='word_1_159' title='bbox 202 1547 304 1599; x_wconf 74' lang='lat' dir='ltr'><strong>sgreates</strong></span> <span class='ocrx_word' id='word_1_160' title='bbox 317 1547 340 1585; x_wconf 90' lang='lat' dir='ltr'><strong>et</strong></span> <span class='ocrx_word' id='word_1_161' title='bbox 352 1541 477 1585; x_wconf 78' lang='lat' dir='ltr'><strong>obtetanos.</strong></span> <span class='ocrx_word' id='word_1_162' title='bbox 512 1536 608 1583; x_wconf 86' lang='lat' dir='ltr'><strong>Hesiodi</strong></span> <span class='ocrx_word' id='word_1_163' title='bbox 621 1536 658 1582; x_wconf 83' lang='lat' dir='ltr'><strong>Fr.</strong></span> <span class='ocrx_word' id='word_1_164' title='bbox 674 1534 714 1591; x_wconf 87' lang='grc'><strong>94,</strong></span> <span class='ocrx_word' id='word_1_165' title='bbox 725 1536 827 1582; x_wconf 81' lang='lat' dir='ltr'><strong>Goettlt</strong></span> <span class='ocrx_word' id='word_1_166' title='bbox 846 1535 897 1583; x_wconf 81' lang='lat' dir='ltr'><strong>Kal</strong></span> <span class='ocrx_word' id='word_1_167' title='bbox 908 1532 1005 1598; x_wconf 78' lang='grc' dir='ltr'><strong><em>γένοςο</em></strong></span> <span class='ocrx_word' id='word_1_168' title='bbox 1023 1550 1059 1583; x_wconf 85' lang='lat' dir='ltr'><strong>rs·</strong></span> 
     </span>
     <span class='ocr_line' id='line_1_20' title="bbox 122 1597 611 1667; baseline -0.01 -15"><span class='ocrx_word' id='word_1_169' title='bbox 122 1600 210 1653; x_wconf 77' lang='grc' dir='ltr'><strong>ὃανῶν</strong></span> <span class='ocrx_word' id='word_1_170' title='bbox 222 1601 343 1667; x_wconf 77' lang='grc' dir='ltr'>Σατύρων</span> <span class='ocrx_word' id='word_1_171' title='bbox 353 1600 394 1649; x_wconf 80' lang='lat' dir='ltr'><strong>rai</strong></span> <span class='ocrx_word' id='word_1_172' title='bbox 404 1597 611 1663; x_wconf 74' lang='grc' dir='ltr'><strong>άμηχανοέργων.</strong></span> 
     </span>
    </p>

    <p class='ocr_par' dir='ltr' id='par_1_4' title="bbox 119 1662 1062 2379">
     <span class='ocr_line' id='line_1_21' title="bbox 156 1662 1061 1729; baseline -0.007 -10"><span class='ocrx_word' id='word_1_173' title='bbox 156 1669 291 1719; x_wconf 69' lang='lat' dir='ltr'><strong>tat-230.</strong></span> <span class='ocrx_word' id='word_1_174' title='bbox 310 1665 439 1729; x_wconf 78' lang='lat' dir='ltr'><strong>[inornata]</strong></span> <span class='ocrx_word' id='word_1_175' title='bbox 458 1675 484 1712; x_wconf 92' lang='lat' dir='ltr'><strong>ut</strong></span> <span class='ocrx_word' id='word_1_176' title='bbox 497 1682 557 1727; x_wconf 84' lang='lat' dir='ltr'><strong>pura</strong></span> <span class='ocrx_word' id='word_1_177' title='bbox 575 1667 624 1711; x_wconf 83' lang='lat' dir='ltr'><strong>Sat.</strong></span> <span class='ocrx_word' id='word_1_178' title='bbox 642 1664 664 1719; x_wconf 92' lang='lat'><strong>1,</strong></span> <span class='ocrx_word' id='word_1_179' title='bbox 682 1664 705 1719; x_wconf 88' lang='grc'><strong>4,</strong></span> <span class='ocrx_word' id='word_1_180' title='bbox 723 1663 763 1718; x_wconf 73' lang='lat' dir='ltr'><strong>tt,</strong></span> <span class='ocrx_word' id='word_1_181' title='bbox 780 1664 831 1711; x_wconf 79' lang='lat' dir='ltr'><strong>sine</strong></span> <span class='ocrx_word' id='word_1_182' title='bbox 850 1662 1061 1726; x_wconf 73' lang='lat' dir='ltr'><strong>tropis-[donr-</strong></span> 
     </span>
     <span class='ocr_line' id='line_1_22' title="bbox 121 1728 1060 1795; baseline -0.006 -13"><span class='ocrx_word' id='word_1_183' title='bbox 121 1730 218 1795; x_wconf 77' lang='lat' dir='ltr'><strong>nantia]</strong></span> <span class='ocrx_word' id='word_1_184' title='bbox 236 1733 403 1787; x_wconf 74' lang='lat' dir='ltr'><strong>nominarunt,</strong></span> <span class='ocrx_word' id='word_1_185' title='bbox 414 1747 466 1791; x_wconf 77' lang='lat' dir='ltr'><strong>qua</strong></span> <span class='ocrx_word' id='word_1_186' title='bbox 478 1728 578 1792; x_wconf 71' lang='grc' dir='ltr'>κυρίοις,</span> <span class='ocrx_word' id='word_1_187' title='bbox 592 1731 617 1776; x_wconf 85' lang='lat' dir='ltr'><strong>id</strong></span> <span class='ocrx_word' id='word_1_188' title='bbox 628 1740 670 1786; x_wconf 83' lang='lat' dir='ltr'><strong>eat,</strong></span> <span class='ocrx_word' id='word_1_189' title='bbox 686 1728 785 1789; x_wconf 89' lang='lat' dir='ltr'><strong>propriis</strong></span> <span class='ocrx_word' id='word_1_190' title='bbox 796 1730 913 1777; x_wconf 75' lang='lat' dir='ltr'><strong>vocabulis</strong></span> <span class='ocrx_word' id='word_1_191' title='bbox 923 1744 1060 1791; x_wconf 85' lang='lat' dir='ltr'><strong>noncupan-</strong></span> 
     </span>
     <span class='ocr_line' id='line_1_23' title="bbox 122 1795 1062 1861; baseline -0.006 -14"><span class='ocrx_word' id='word_1_192' title='bbox 122 1808 170 1856; x_wconf 85' lang='lat' dir='ltr'><strong>tur,</strong></span> <span class='ocrx_word' id='word_1_193' title='bbox 187 1796 270 1861; x_wconf 86' lang='lat' dir='ltr'><strong>(nullis</strong></span> <span class='ocrx_word' id='word_1_194' title='bbox 288 1796 429 1857; x_wconf 71' lang='lat' dir='ltr'><strong>metaphoris</strong></span> <span class='ocrx_word' id='word_1_195' title='bbox 448 1796 571 1846; x_wconf 76' lang='lat' dir='ltr'><strong>immixtis)</strong></span> <span class='ocrx_word' id='word_1_196' title='bbox 590 1804 617 1841; x_wconf 89' lang='lat' dir='ltr'><strong>ut</strong></span> <span class='ocrx_word' id='word_1_197' title='bbox 631 1795 696 1849; x_wconf 76' lang='lat' dir='ltr'><strong>liber,</strong></span> <span class='ocrx_word' id='word_1_198' title='bbox 715 1809 791 1854; x_wconf 82' lang='lat' dir='ltr'><strong>rapsa,</strong></span> <span class='ocrx_word' id='word_1_199' title='bbox 806 1796 900 1855; x_wconf 72' lang='lat' dir='ltr'><strong>pagina.</strong></span> <span class='ocrx_word' id='word_1_200' title='bbox 926 1796 1062 1841; x_wconf 69' lang='lat' dir='ltr'><strong>Potum-</strong></span> 
     </span>
     <span class='ocr_line' id='line_1_24' title="bbox 124 1853 1061 1927; baseline -0.007 -16"><span class='ocrx_word' id='word_1_201' title='bbox 124 1859 394 1927; x_wconf 80' lang='lat' dir='ltr'><strong>[nonina-Verbaque]</strong></span> <span class='ocrx_word' id='word_1_202' title='bbox 413 1869 439 1908; x_wconf 88' lang='lat' dir='ltr'><strong>ut</strong></span> <span class='ocrx_word' id='word_1_203' title='bbox 450 1860 525 1908; x_wconf 77' lang='lat' dir='ltr'><strong>Grati</strong></span> <span class='ocrx_word' id='word_1_204' title='bbox 542 1870 596 1907; x_wconf 88' lang='lat' dir='ltr'><strong>ante</strong></span> <span class='ocrx_word' id='word_1_205' title='bbox 608 1859 756 1906; x_wconf 71' lang='lat' dir='ltr'><strong>Aristotelem</strong></span> <span class='ocrx_word' id='word_1_206' title='bbox 771 1874 808 1905; x_wconf 82' lang='lat' dir='ltr'><strong>vv.</strong></span> <span class='ocrx_word' id='word_1_207' title='bbox 824 1855 938 1922; x_wconf 76' lang='grc' dir='ltr'>ὀνόματα</span> <span class='ocrx_word' id='word_1_208' title='bbox 955 1858 997 1909; x_wconf 78' lang='lat' dir='ltr'><strong>roi</strong></span> <span class='ocrx_word' id='word_1_209' title='bbox 1016 1853 1061 1922; x_wconf 78' lang='grc' dir='ltr'><strong>ῥή-</strong></span> 
     </span>
     <span class='ocr_line' id='line_1_25' title="bbox 121 1921 1062 1993; baseline -0.005 -17"><span class='ocrx_word' id='word_1_210' title='bbox 121 1944 194 1993; x_wconf 79' lang='grc' dir='ltr'>ματα</span> <span class='ocrx_word' id='word_1_211' title='bbox 213 1942 293 1975; x_wconf 84' lang='lat' dir='ltr'><strong>omnes</strong></span> <span class='ocrx_word' id='word_1_212' title='bbox 309 1927 419 1974; x_wconf 85' lang='lat' dir='ltr'><strong>orationis</strong></span> <span class='ocrx_word' id='word_1_213' title='bbox 436 1934 513 1985; x_wconf 84' lang='lat' dir='ltr'><strong>partes</strong></span> <span class='ocrx_word' id='word_1_214' title='bbox 523 1921 914 1986; x_wconf 62' lang='lat' dir='ltr'><strong>nominenumine-[Pythias]</strong></span> <span class='ocrx_word' id='word_1_215' title='bbox 934 1928 949 1951; x_wconf 88' lang='lat'>“</span> <span class='ocrx_word' id='word_1_216' title='bbox 961 1926 1062 1972; x_wconf 75' lang='lat' dir='ltr'><strong>remos</strong></span> 
     </span>
     <span class='ocr_line' id='line_1_26' title="bbox 122 1989 1060 2050; baseline -0.009 -7"><span class='ocrx_word' id='word_1_217' title='bbox 122 1995 212 2043; x_wconf 84' lang='lat' dir='ltr'><strong>oomioa</strong></span> <span class='ocrx_word' id='word_1_218' title='bbox 223 1992 247 2039; x_wconf 93' lang='lat' dir='ltr'><strong>in</strong></span> <span class='ocrx_word' id='word_1_219' title='bbox 259 1992 373 2039; x_wconf 73' lang='lat' dir='ltr'><strong>eomoedii</strong></span> <span class='ocrx_word' id='word_1_220' title='bbox 384 1990 480 2049; x_wconf 71' lang='lat' dir='ltr'><strong>Caecilii,</strong></span> <span class='ocrx_word' id='word_1_221' title='bbox 494 2006 546 2050; x_wconf 76' lang='lat' dir='ltr'><strong>quse</strong></span> <span class='ocrx_word' id='word_1_222' title='bbox 558 1989 676 2037; x_wconf 83' lang='lat' dir='ltr'><strong>inducitur</strong></span> <span class='ocrx_word' id='word_1_223' title='bbox 690 2002 732 2049; x_wconf 81' lang='lat' dir='ltr'><strong>per</strong></span> <span class='ocrx_word' id='word_1_224' title='bbox 746 1989 843 2036; x_wconf 86' lang='lat' dir='ltr'><strong>astutias</strong></span> <span class='ocrx_word' id='word_1_225' title='bbox 858 1989 962 2049; x_wconf 84' lang='lat' dir='ltr'><strong>accipere</strong></span> <span class='ocrx_word' id='word_1_226' title='bbox 977 2004 1060 2049; x_wconf 73' lang='lat' dir='ltr'><strong>arpen·</strong></span> 
     </span>
     <span class='ocr_line' id='line_1_27' title="bbox 121 2051 1061 2117; baseline -0.003 -12"><span class='ocrx_word' id='word_1_227' title='bbox 121 2068 175 2105; x_wconf 89' lang='lat' dir='ltr'><strong>tum</strong></span> <span class='ocrx_word' id='word_1_228' title='bbox 186 2057 311 2115; x_wconf 84' lang='lat' dir='ltr'><strong>aSimone,</strong></span> <span class='ocrx_word' id='word_1_229' title='bbox 321 2056 415 2103; x_wconf 91' lang='lat' dir='ltr'><strong>domino</strong></span> <span class='ocrx_word' id='word_1_230' title='bbox 423 2070 472 2110; x_wconf 88' lang='grc' dir='ltr'>ιιιο,</span> <span class='ocrx_word' id='word_1_231' title='bbox 482 2055 505 2101; x_wconf 89' lang='lat' dir='ltr'><strong>in</strong></span> <span class='ocrx_word' id='word_1_232' title='bbox 513 2058 591 2107; x_wconf 83' lang='lat' dir='ltr'><strong>dotem</strong></span> <span class='ocrx_word' id='word_1_233' title='bbox 602 2053 679 2101; x_wconf 79' lang='lat' dir='ltr'><strong>lilioe.”</strong></span> <span class='ocrx_word' id='word_1_234' title='bbox 696 2055 808 2100; x_wconf 70' lang='lat' dir='ltr'><strong>Selesl-</strong></span> <span class='ocrx_word' id='word_1_235' title='bbox 815 2051 938 2117; x_wconf 73' lang='lat' dir='ltr'><strong>[mureto]</strong></span> <span class='ocrx_word' id='word_1_236' title='bbox 954 2055 1061 2102; x_wconf 77' lang='lat' dir='ltr'><strong>Caeeilius</strong></span> 
     </span>
     <span class='ocr_line' id='line_1_28' title="bbox 119 2120 1061 2185; baseline -0.001 -16"><span class='ocrx_word' id='word_1_237' title='bbox 119 2139 147 2185; x_wconf 80' lang='lat' dir='ltr'><strong>p.</strong></span> <span class='ocrx_word' id='word_1_238' title='bbox 157 2123 194 2178; x_wconf 93' lang='grc'><strong>17,</strong></span> <span class='ocrx_word' id='word_1_239' title='bbox 206 2124 281 2170; x_wconf 81' lang='lat' dir='ltr'><strong>Hodie</strong></span> <span class='ocrx_word' id='word_1_240' title='bbox 292 2138 325 2169; x_wconf 82' lang='lat' dir='ltr'><strong>ase</strong></span> <span class='ocrx_word' id='word_1_241' title='bbox 336 2128 388 2170; x_wconf 84' lang='lat' dir='ltr'><strong>ants</strong></span> <span class='ocrx_word' id='word_1_242' title='bbox 399 2136 472 2168; x_wconf 78' lang='lat' dir='ltr'><strong>ornnes</strong></span> <span class='ocrx_word' id='word_1_243' title='bbox 483 2124 573 2168; x_wconf 74' lang='lat' dir='ltr'><strong>nomicos</strong></span> <span class='ocrx_word' id='word_1_244' title='bbox 582 2121 664 2167; x_wconf 70' lang='lat' dir='ltr'><strong>stultat</strong></span> <span class='ocrx_word' id='word_1_245' title='bbox 672 2134 736 2167; x_wconf 78' lang='lat' dir='ltr'><strong>senet</strong></span> <span class='ocrx_word' id='word_1_246' title='bbox 748 2120 851 2167; x_wconf 79' lang='lat' dir='ltr'><strong>Vetraria</strong></span> <span class='ocrx_word' id='word_1_247' title='bbox 858 2127 926 2181; x_wconf 83' lang='lat' dir='ltr'><strong>atqss</strong></span> <span class='ocrx_word' id='word_1_248' title='bbox 935 2122 1061 2168; x_wconf 68' lang='grc' dir='ltr'>ιιιαιιειήι</span> 
     </span>
     <span class='ocr_line' id='line_1_29' title="bbox 122 2183 1062 2250; baseline -0.006 -13"><span class='ocrx_word' id='word_1_249' title='bbox 122 2183 409 2250; x_wconf 72' lang='lat' dir='ltr'><strong>iustissumo-[curtos]</strong></span> <span class='ocrx_word' id='word_1_250' title='bbox 432 2186 516 2233; x_wconf 82' lang='lat' dir='ltr'><strong>Bacchi</strong></span> <span class='ocrx_word' id='word_1_251' title='bbox 535 2186 676 2246; x_wconf 66' lang='lat' dir='ltr'><strong>pedagogus</strong></span> <span class='ocrx_word' id='word_1_252' title='bbox 694 2194 718 2232; x_wconf 89' lang='lat' dir='ltr'><strong>st</strong></span> <span class='ocrx_word' id='word_1_253' title='bbox 734 2192 814 2244; x_wconf 86' lang='lat' dir='ltr'><strong>postea</strong></span> <span class='ocrx_word' id='word_1_254' title='bbox 833 2194 959 2245; x_wconf 81' lang='lat' dir='ltr'><strong>perpetuos</strong></span> <span class='ocrx_word' id='word_1_255' title='bbox 976 2198 1062 2238; x_wconf 86' lang='lat' dir='ltr'><strong>comes,</strong></span> 
     </span>
     <span class='ocr_line' id='line_1_30' title="bbox 122 2246 1061 2311; baseline -0.004 -10"><span class='ocrx_word' id='word_1_256' title='bbox 122 2252 183 2301; x_wconf 83' lang='lat' dir='ltr'><strong>mire</strong></span> <span class='ocrx_word' id='word_1_257' title='bbox 202 2253 289 2299; x_wconf 84' lang='lat' dir='ltr'><strong>mixtua</strong></span> <span class='ocrx_word' id='word_1_258' title='bbox 306 2267 336 2299; x_wconf 84' lang='lat' dir='ltr'><strong>ex</strong></span> <span class='ocrx_word' id='word_1_259' title='bbox 358 2252 469 2299; x_wconf 80' lang='lat' dir='ltr'><strong>ebrietate</strong></span> <span class='ocrx_word' id='word_1_260' title='bbox 488 2260 512 2298; x_wconf 89' lang='lat' dir='ltr'><strong>et</strong></span> <span class='ocrx_word' id='word_1_261' title='bbox 529 2251 645 2310; x_wconf 71' lang='lat' dir='ltr'><strong>sapientie</strong></span> <span class='ocrx_word' id='word_1_262' title='bbox 661 2251 750 2309; x_wconf 78' lang='lat' dir='ltr'><strong>jocort,</strong></span> <span class='ocrx_word' id='word_1_263' title='bbox 773 2246 855 2311; x_wconf 69' lang='grc' dir='ltr'><strong>εἴρων.</strong></span> <span class='ocrx_word' id='word_1_264' title='bbox 867 2249 968 2305; x_wconf 77' lang='lat' dir='ltr'><strong>divinus,</strong></span> <span class='ocrx_word' id='word_1_265' title='bbox 989 2264 1061 2309; x_wconf 83' lang='lat' dir='ltr'><strong>quem</strong></span> 
     </span>
     <span class='ocr_line' id='line_1_31' title="bbox 121 2314 978 2379; baseline -0.004 -16"><span class='ocrx_word' id='word_1_266' title='bbox 121 2326 247 2379; x_wconf 86' lang='lat' dir='ltr'><strong>propterea</strong></span> <span class='ocrx_word' id='word_1_267' title='bbox 262 2332 308 2363; x_wconf 89' lang='lat' dir='ltr'><strong>non</strong></span> <span class='ocrx_word' id='word_1_268' title='bbox 320 2318 386 2363; x_wconf 83' lang='lat' dir='ltr'><strong>deoet</strong></span> <span class='ocrx_word' id='word_1_269' title='bbox 397 2316 460 2375; x_wconf 87' lang='lat' dir='ltr'><strong>loqui</strong></span> <span class='ocrx_word' id='word_1_270' title='bbox 471 2317 553 2363; x_wconf 85' lang='lat' dir='ltr'><strong>eodem</strong></span> <span class='ocrx_word' id='word_1_271' title='bbox 564 2316 634 2362; x_wconf 83' lang='lat' dir='ltr'><strong>modo</strong></span> <span class='ocrx_word' id='word_1_272' title='bbox 644 2324 714 2374; x_wconf 84' lang='lat' dir='ltr'><strong>atque</strong></span> <span class='ocrx_word' id='word_1_273' title='bbox 728 2316 846 2360; x_wconf 78' lang='lat' dir='ltr'><strong>servulum</strong></span> <span class='ocrx_word' id='word_1_274' title='bbox 857 2314 978 2361; x_wconf 78' lang='lat' dir='ltr'><strong>comicum.</strong></span> 
     </span>
    </p>

    <p class='ocr_par' dir='ltr' id='par_1_5' title="bbox 119 2376 1062 2833">
     <span class='ocr_line' id='line_1_32' title="bbox 157 2376 1060 2442; baseline -0.003 -13"><span class='ocrx_word' id='word_1_275' title='bbox 157 2382 291 2429; x_wconf 73' lang='grc'><strong>240-243.</strong></span> <span class='ocrx_word' id='word_1_276' title='bbox 309 2378 359 2442; x_wconf 82' lang='lat' dir='ltr'><strong>[Er</strong></span> <span class='ocrx_word' id='word_1_277' title='bbox 369 2377 433 2442; x_wconf 80' lang='lat' dir='ltr'><strong>uoto]</strong></span> <span class='ocrx_word' id='word_1_278' title='bbox 450 2380 546 2427; x_wconf 77' lang='lat' dir='ltr'><strong>‘litium</strong></span> <span class='ocrx_word' id='word_1_279' title='bbox 563 2380 587 2425; x_wconf 86' lang='lat' dir='ltr'><strong>io</strong></span> <span class='ocrx_word' id='word_1_280' title='bbox 605 2380 683 2426; x_wconf 80' lang='lat' dir='ltr'><strong>fabula</strong></span> <span class='ocrx_word' id='word_1_281' title='bbox 696 2379 804 2439; x_wconf 70' lang='lat' dir='ltr'><strong>satyrioi,</strong></span> <span class='ocrx_word' id='word_1_282' title='bbox 822 2388 849 2424; x_wconf 90' lang='lat' dir='ltr'><strong>ut</strong></span> <span class='ocrx_word' id='word_1_283' title='bbox 864 2376 889 2424; x_wconf 88' lang='lat' dir='ltr'><strong>in</strong></span> <span class='ocrx_word' id='word_1_284' title='bbox 901 2378 1015 2439; x_wconf 75' lang='lat' dir='ltr'><strong>trsgtadid</strong></span> <span class='ocrx_word' id='word_1_285' title='bbox 1027 2376 1060 2439; x_wconf 87' lang='lat' dir='ltr'><strong>(r.</strong></span> 
     </span>
     <span class='ocr_line' id='line_1_33' title="bbox 125 2444 1062 2507; baseline -0.006 -12"><span class='ocrx_word' id='word_1_286' title='bbox 125 2446 192 2507; x_wconf 63' lang='lat'>122)</span> <span class='ocrx_word' id='word_1_287' title='bbox 204 2450 307 2493; x_wconf 82' lang='lat' dir='ltr'><strong>tractabo</strong></span> <span class='ocrx_word' id='word_1_288' title='bbox 318 2445 394 2505; x_wconf 88' lang='lat' dir='ltr'><strong>potius</strong></span> <span class='ocrx_word' id='word_1_289' title='bbox 408 2453 571 2504; x_wconf 70' lang='lat' dir='ltr'><strong>argumentum</strong></span> <span class='ocrx_word' id='word_1_290' title='bbox 588 2444 683 2504; x_wconf 77' lang='lat' dir='ltr'><strong>aliquod</strong></span> <span class='ocrx_word' id='word_1_291' title='bbox 698 2444 807 2490; x_wconf 82' lang='lat' dir='ltr'><strong>omnibus</strong></span> <span class='ocrx_word' id='word_1_292' title='bbox 824 2453 911 2499; x_wconf 88' lang='lat' dir='ltr'><strong>notum,</strong></span> <span class='ocrx_word' id='word_1_293' title='bbox 929 2445 966 2489; x_wconf 89' lang='lat' dir='ltr'><strong>rel</strong></span> <span class='ocrx_word' id='word_1_294' title='bbox 983 2444 1062 2504; x_wconf 85' lang='lat' dir='ltr'><strong>ipsum</strong></span> 
     </span>
     <span class='ocr_line' id='line_1_34' title="bbox 123 2505 1061 2575; baseline -0.004 -16"><span class='ocrx_word' id='word_1_295' title='bbox 123 2513 259 2572; x_wconf 76' lang='lat' dir='ltr'><strong>cyclopem,</strong></span> <span class='ocrx_word' id='word_1_296' title='bbox 275 2512 308 2557; x_wconf 82' lang='lat' dir='ltr'><strong>ito</strong></span> <span class='ocrx_word' id='word_1_297' title='bbox 319 2521 396 2557; x_wconf 82' lang='lat' dir='ltr'><strong>tomen</strong></span> <span class='ocrx_word' id='word_1_298' title='bbox 409 2520 434 2557; x_wconf 90' lang='lat' dir='ltr'><strong>ut</strong></span> <span class='ocrx_word' id='word_1_299' title='bbox 445 2511 526 2575; x_wconf 82' lang='lat' dir='ltr'><strong>drama</strong></span> <span class='ocrx_word' id='word_1_300' title='bbox 539 2510 597 2556; x_wconf 72' lang='lat' dir='ltr'><strong>sciti</strong></span> <span class='ocrx_word' id='word_1_301' title='bbox 612 2509 749 2563; x_wconf 83' lang='lat' dir='ltr'><strong>mutatione,</strong></span> <span class='ocrx_word' id='word_1_302' title='bbox 770 2508 835 2555; x_wconf 77' lang='lat' dir='ltr'><strong>notis</strong></span> <span class='ocrx_word' id='word_1_303' title='bbox 848 2505 923 2566; x_wconf 67' lang='grc' dir='ltr'>ἤθεσι</span> <span class='ocrx_word' id='word_1_304' title='bbox 939 2506 981 2554; x_wconf 79' lang='lat' dir='ltr'><strong>rai</strong></span> <span class='ocrx_word' id='word_1_305' title='bbox 996 2506 1061 2572; x_wconf 72' lang='grc' dir='ltr'>γνό-</span> 
     </span>
     <span class='ocr_line' id='line_1_35' title="bbox 122 2572 1062 2639; baseline -0.004 -15"><span class='ocrx_word' id='word_1_306' title='bbox 122 2579 267 2639; x_wconf 64' lang='lat' dir='ltr'><strong>ptotcfiotsm</strong></span> <span class='ocrx_word' id='word_1_307' title='bbox 277 2576 315 2628; x_wconf 75' lang='lat' dir='ltr'><strong>tit,</strong></span> <span class='ocrx_word' id='word_1_308' title='bbox 328 2576 352 2621; x_wconf 93' lang='lat' dir='ltr'><strong>id</strong></span> <span class='ocrx_word' id='word_1_309' title='bbox 368 2582 409 2630; x_wconf 86' lang='lat' dir='ltr'><strong>est,</strong></span> <span class='ocrx_word' id='word_1_310' title='bbox 424 2588 510 2630; x_wconf 86' lang='lat' dir='ltr'><strong>meum,</strong></span> <span class='ocrx_word' id='word_1_311' title='bbox 529 2588 575 2621; x_wconf 92' lang='lat' dir='ltr'><strong>non</strong></span> <span class='ocrx_word' id='word_1_312' title='bbox 592 2588 657 2620; x_wconf 85' lang='lat' dir='ltr'><strong>mera</strong></span> <span class='ocrx_word' id='word_1_313' title='bbox 672 2574 840 2633; x_wconf 75' lang='lat' dir='ltr'><strong>interpretatio,</strong></span> <span class='ocrx_word' id='word_1_314' title='bbox 853 2572 890 2634; x_wconf 85' lang='lat' dir='ltr'><strong>(ot</strong></span> <span class='ocrx_word' id='word_1_315' title='bbox 901 2576 932 2624; x_wconf 67' lang='lat' dir='ltr'>Q</span> <span class='ocrx_word' id='word_1_316' title='bbox 943 2574 1062 2620; x_wconf 86' lang='lat' dir='ltr'><strong>Cioeronis</strong></span> 
     </span>
     <span class='ocr_line' id='line_1_36' title="bbox 119 2634 1062 2703; baseline -0.003 -15"><span class='ocrx_word' id='word_1_317' title='bbox 119 2640 191 2703; x_wconf 75' lang='lat' dir='ltr'><strong>itta.)</strong></span> <span class='ocrx_word' id='word_1_318' title='bbox 203 2656 248 2687; x_wconf 92' lang='lat' dir='ltr'><strong>non</strong></span> <span class='ocrx_word' id='word_1_319' title='bbox 260 2640 349 2687; x_wconf 84' lang='lat' dir='ltr'><strong>servilis</strong></span> <span class='ocrx_word' id='word_1_320' title='bbox 360 2639 474 2686; x_wconf 66' lang='lat' dir='ltr'><strong>imitatio!</strong></span> <span class='ocrx_word' id='word_1_321' title='bbox 483 2662 516 2673; x_wconf 91' lang='lat'><em>-</em></span> <span class='ocrx_word' id='word_1_322' title='bbox 524 2636 564 2700; x_wconf 89' lang='lat' dir='ltr'><strong>[da</strong></span> <span class='ocrx_word' id='word_1_323' title='bbox 574 2641 647 2686; x_wconf 80' lang='lat' dir='ltr'><strong>medio</strong></span> <span class='ocrx_word' id='word_1_324' title='bbox 656 2634 764 2699; x_wconf 71' lang='lat' dir='ltr'><strong>napus]</strong></span> <span class='ocrx_word' id='word_1_325' title='bbox 778 2638 825 2685; x_wconf 81' lang='lat' dir='ltr'><strong>Cir.</strong></span> <span class='ocrx_word' id='word_1_326' title='bbox 836 2654 856 2685; x_wconf 82' lang='lat' dir='ltr'><strong>s.</strong></span> <span class='ocrx_word' id='word_1_327' title='bbox 871 2638 924 2686; x_wconf 76' lang='grc'><strong>131.</strong></span> <span class='ocrx_word' id='word_1_328' title='bbox 941 2639 1062 2697; x_wconf 71' lang='lat' dir='ltr'><strong>signifieat</strong></span> 
     </span>
     <span class='ocr_line' id='line_1_37' title="bbox 124 2703 1061 2765; baseline -0.002 -12"><span class='ocrx_word' id='word_1_329' title='bbox 124 2706 253 2753; x_wconf 76' lang='lat' dir='ltr'><strong>medioeres</strong></span> <span class='ocrx_word' id='word_1_330' title='bbox 270 2714 348 2765; x_wconf 73' lang='lat' dir='ltr'><strong>portos</strong></span> <span class='ocrx_word' id='word_1_331' title='bbox 367 2704 391 2751; x_wconf 88' lang='lat' dir='ltr'><strong>in</strong></span> <span class='ocrx_word' id='word_1_332' title='bbox 411 2718 439 2750; x_wconf 88' lang='lat' dir='ltr'><strong>eo</strong></span> <span class='ocrx_word' id='word_1_333' title='bbox 461 2704 538 2750; x_wconf 79' lang='lat' dir='ltr'><strong>neseio</strong></span> <span class='ocrx_word' id='word_1_334' title='bbox 555 2703 612 2764; x_wconf 90' lang='lat' dir='ltr'><strong>quid</strong></span> <span class='ocrx_word' id='word_1_335' title='bbox 630 2704 733 2763; x_wconf 69' lang='lat' dir='ltr'><strong>gloriolas</strong></span> <span class='ocrx_word' id='word_1_336' title='bbox 753 2717 865 2761; x_wconf 76' lang='lat' dir='ltr'><strong>quarere,</strong></span> <span class='ocrx_word' id='word_1_337' title='bbox 888 2705 951 2762; x_wconf 91' lang='lat' dir='ltr'><strong>quod</strong></span> <span class='ocrx_word' id='word_1_338' title='bbox 970 2704 1061 2751; x_wconf 85' lang='lat' dir='ltr'><strong>omissis</strong></span> 
     </span>
     <span class='ocr_line' id='line_1_38' title="bbox 122 2768 1062 2833; baseline -0.002 -16"><span class='ocrx_word' id='word_1_339' title='bbox 122 2768 215 2833; x_wconf 68' lang='grc' dir='ltr'>μύθοις</span> <span class='ocrx_word' id='word_1_340' title='bbox 236 2770 346 2830; x_wconf 75' lang='lat' dir='ltr'><strong>antiquit,</strong></span> <span class='ocrx_word' id='word_1_341' title='bbox 368 2778 511 2816; x_wconf 70' lang='lat' dir='ltr'><strong>tentarentur</strong></span> <span class='ocrx_word' id='word_1_342' title='bbox 530 2769 566 2815; x_wconf 82' lang='lat' dir='ltr'><strong>vel</strong></span> <span class='ocrx_word' id='word_1_343' title='bbox 585 2772 615 2814; x_wconf 85' lang='lat' dir='ltr'><strong>ab</strong></span> <span class='ocrx_word' id='word_1_344' title='bbox 634 2768 800 2816; x_wconf 67' lang='lat' dir='ltr'><strong>Alexandrinis</strong></span> <span class='ocrx_word' id='word_1_345' title='bbox 819 2770 855 2815; x_wconf 84' lang='lat' dir='ltr'><strong>vel</strong></span> <span class='ocrx_word' id='word_1_346' title='bbox 876 2782 891 2815; x_wconf 86' lang='grc' dir='ltr'><strong>ι</strong></span> <span class='ocrx_word' id='word_1_347' title='bbox 911 2777 985 2815; x_wconf 86' lang='lat' dir='ltr'><strong>semet</strong></span> <span class='ocrx_word' id='word_1_348' title='bbox 1004 2768 1062 2829; x_wconf 84' lang='lat' dir='ltr'><strong>ipsis</strong></span> 
     </span>
    </p>

    <p class='ocr_par' dir='ltr' id='par_1_6' title="bbox 116 2894 1062 3351">
     <span class='ocr_line' id='line_1_39' title="bbox 155 2894 1061 2961; baseline -0.004 -14"><span class='ocrx_word' id='word_1_349' title='bbox 155 2899 290 2947; x_wconf 74' lang='lat' dir='ltr'><strong>etl—249.</strong></span> <span class='ocrx_word' id='word_1_350' title='bbox 309 2896 390 2961; x_wconf 81' lang='lat' dir='ltr'><strong>[Siluia</strong></span> <span class='ocrx_word' id='word_1_351' title='bbox 400 2894 504 2959; x_wconf 81' lang='lat' dir='ltr'><strong>deducti]</strong></span> <span class='ocrx_word' id='word_1_352' title='bbox 517 2912 530 2944; x_wconf 90' lang='grc' dir='ltr'><strong>ιι</strong></span> <span class='ocrx_word' id='word_1_353' title='bbox 541 2898 610 2957; x_wconf 77' lang='lat' dir='ltr'><strong>poeti</strong></span> <span class='ocrx_word' id='word_1_354' title='bbox 621 2896 645 2941; x_wconf 88' lang='lat' dir='ltr'><strong>in</strong></span> <span class='ocrx_word' id='word_1_355' title='bbox 656 2911 758 2943; x_wconf 84' lang='lat' dir='ltr'><strong>scenam.</strong></span> <span class='ocrx_word' id='word_1_356' title='bbox 782 2896 829 2947; x_wconf 77' lang='lat' dir='ltr'><strong>Qut</strong></span> <span class='ocrx_word' id='word_1_357' title='bbox 841 2898 966 2957; x_wconf 71' lang='lat' dir='ltr'><strong>praeierunt</strong></span> <span class='ocrx_word' id='word_1_358' title='bbox 976 2900 1061 2953; x_wconf 75' lang='lat' dir='ltr'><strong>adseri,</strong></span> 
     </span>
     <span class='ocr_line' id='line_1_40' title="bbox 121 2961 1062 3025; baseline -0.005 -13"><span class='ocrx_word' id='word_1_359' title='bbox 121 2966 241 3025; x_wconf 75' lang='lat' dir='ltr'><strong>explicant</strong></span> <span class='ocrx_word' id='word_1_360' title='bbox 253 2964 374 3018; x_wconf 66' lang='lat' dir='ltr'><strong>‘edueati’</strong></span> <span class='ocrx_word' id='word_1_361' title='bbox 392 2971 418 3008; x_wconf 90' lang='lat' dir='ltr'><strong>ut</strong></span> <span class='ocrx_word' id='word_1_362' title='bbox 429 2962 492 3021; x_wconf 75' lang='lat' dir='ltr'><strong>Virg.</strong></span> <span class='ocrx_word' id='word_1_363' title='bbox 506 2963 559 3009; x_wconf 81' lang='lat' dir='ltr'><strong>AEn.</strong></span> <span class='ocrx_word' id='word_1_364' title='bbox 575 2962 597 3017; x_wconf 90' lang='lat'><strong>6,</strong></span> <span class='ocrx_word' id='word_1_365' title='bbox 609 2961 665 3016; x_wconf 69' lang='lat'><strong>766,</strong></span> <span class='ocrx_word' id='word_1_366' title='bbox 682 2963 773 3009; x_wconf 71' lang='lat' dir='ltr'><strong>Ederet</strong></span> <span class='ocrx_word' id='word_1_367' title='bbox 790 2963 854 3009; x_wconf 81' lang='lat' dir='ltr'><strong>riloir</strong></span> <span class='ocrx_word' id='word_1_368' title='bbox 871 2978 952 3024; x_wconf 75' lang='lat' dir='ltr'><strong>regem.</strong></span> <span class='ocrx_word' id='word_1_369' title='bbox 984 2964 1062 3009; x_wconf 79' lang='lat' dir='ltr'><strong>Fauni</strong></span> 
     </span>
     <span class='ocr_line' id='line_1_41' title="bbox 122 3027 1061 3091; baseline -0.004 -15"><span class='ocrx_word' id='word_1_370' title='bbox 122 3030 217 3091; x_wconf 82' lang='lat' dir='ltr'><strong>proprie</strong></span> <span class='ocrx_word' id='word_1_371' title='bbox 228 3029 367 3088; x_wconf 86' lang='lat' dir='ltr'><strong>respondent</strong></span> <span class='ocrx_word' id='word_1_372' title='bbox 378 3028 512 3075; x_wconf 80' lang='lat' dir='ltr'><strong>Graooruro</strong></span> <span class='ocrx_word' id='word_1_373' title='bbox 524 3027 635 3080; x_wconf 81' lang='lat' dir='ltr'><strong>Panisois,</strong></span> <span class='ocrx_word' id='word_1_374' title='bbox 653 3027 693 3086; x_wconf 88' lang='lat' dir='ltr'><strong>qui</strong></span> <span class='ocrx_word' id='word_1_375' title='bbox 710 3041 763 3072; x_wconf 86' lang='lat' dir='ltr'><strong>cum</strong></span> <span class='ocrx_word' id='word_1_376' title='bbox 775 3027 854 3073; x_wconf 84' lang='lat' dir='ltr'><strong>Sileno</strong></span> <span class='ocrx_word' id='word_1_377' title='bbox 864 3042 891 3073; x_wconf 85' lang='lat' dir='ltr'><strong>ao</strong></span> <span class='ocrx_word' id='word_1_378' title='bbox 902 3027 991 3087; x_wconf 74' lang='lat' dir='ltr'><strong>Satyris</strong></span> <span class='ocrx_word' id='word_1_379' title='bbox 1007 3041 1061 3087; x_wconf 87' lang='lat' dir='ltr'><strong>per·</strong></span> 
     </span>
     <span class='ocr_line' id='line_1_42' title="bbox 122 3091 1061 3156; baseline -0.004 -15"><span class='ocrx_word' id='word_1_380' title='bbox 122 3095 188 3156; x_wconf 84' lang='lat' dir='ltr'><strong>petui</strong></span> <span class='ocrx_word' id='word_1_381' title='bbox 208 3094 293 3140; x_wconf 79' lang='lat' dir='ltr'><strong>Bacchi</strong></span> <span class='ocrx_word' id='word_1_382' title='bbox 316 3093 411 3139; x_wconf 77' lang='lat' dir='ltr'><strong>comites</strong></span> <span class='ocrx_word' id='word_1_383' title='bbox 431 3101 501 3143; x_wconf 77' lang='lat' dir='ltr'><strong>suntt</strong></span> <span class='ocrx_word' id='word_1_384' title='bbox 525 3092 563 3138; x_wconf 84' lang='lat' dir='ltr'><strong>hie</strong></span> <span class='ocrx_word' id='word_1_385' title='bbox 581 3100 660 3139; x_wconf 82' lang='lat' dir='ltr'><strong>autem</strong></span> <span class='ocrx_word' id='word_1_386' title='bbox 680 3091 802 3137; x_wconf 77' lang='lat' dir='ltr'><strong>manifesto</strong></span> <span class='ocrx_word' id='word_1_387' title='bbox 823 3091 895 3139; x_wconf 88' lang='lat' dir='ltr'><strong>iidem</strong></span> <span class='ocrx_word' id='word_1_388' title='bbox 916 3099 972 3139; x_wconf 86' lang='lat' dir='ltr'><strong>suot</strong></span> <span class='ocrx_word' id='word_1_389' title='bbox 990 3101 1061 3151; x_wconf 87' lang='lat' dir='ltr'><strong>atque</strong></span> 
     </span>
     <span class='ocr_line' id='line_1_43' title="bbox 122 3153 1060 3219; baseline -0.004 -13"><span class='ocrx_word' id='word_1_390' title='bbox 122 3158 210 3218; x_wconf 75' lang='lat' dir='ltr'><strong>Satyri.</strong></span> <span class='ocrx_word' id='word_1_391' title='bbox 218 3182 250 3193; x_wconf 89' lang='lat'><strong>-·</strong></span> <span class='ocrx_word' id='word_1_392' title='bbox 260 3155 318 3219; x_wconf 89' lang='lat' dir='ltr'><strong>[Ne,</strong></span> <span class='ocrx_word' id='word_1_393' title='bbox 330 3159 390 3205; x_wconf 82' lang='lat' dir='ltr'><strong>uelut</strong></span> <span class='ocrx_word' id='word_1_394' title='bbox 401 3158 476 3204; x_wconf 84' lang='lat' dir='ltr'><strong>innoti</strong></span> <span class='ocrx_word' id='word_1_395' title='bbox 486 3153 573 3217; x_wconf 78' lang='lat' dir='ltr'><strong>triviis]</strong></span> <span class='ocrx_word' id='word_1_396' title='bbox 591 3156 684 3202; x_wconf 79' lang='lat' dir='ltr'><strong>videtur</strong></span> <span class='ocrx_word' id='word_1_397' title='bbox 693 3155 817 3213; x_wconf 82' lang='lat' dir='ltr'><strong>ehisamus,</strong></span> <span class='ocrx_word' id='word_1_398' title='bbox 828 3157 875 3204; x_wconf 87' lang='lat' dir='ltr'><strong>duo</strong></span> <span class='ocrx_word' id='word_1_399' title='bbox 886 3165 912 3202; x_wconf 93' lang='lat' dir='ltr'><strong>ut</strong></span> <span class='ocrx_word' id='word_1_400' title='bbox 922 3157 978 3203; x_wconf 80' lang='lat' dir='ltr'><strong>titia</strong></span> <span class='ocrx_word' id='word_1_401' title='bbox 988 3165 1060 3212; x_wconf 81' lang='lat' dir='ltr'><strong>notet,</strong></span> 
     </span>
     <span class='ocr_line' id='line_1_44' title="bbox 122 3218 1061 3284; baseline -0.003 -14"><span class='ocrx_word' id='word_1_402' title='bbox 122 3224 225 3284; x_wconf 85' lang='lat' dir='ltr'><strong>priorum</strong></span> <span class='ocrx_word' id='word_1_403' title='bbox 241 3224 260 3268; x_wconf 91' lang='lat' dir='ltr'><strong>si</strong></span> <span class='ocrx_word' id='word_1_404' title='bbox 279 3224 361 3277; x_wconf 81' lang='lat' dir='ltr'><strong>Fauni,</strong></span> <span class='ocrx_word' id='word_1_405' title='bbox 379 3238 442 3282; x_wconf 81' lang='lat' dir='ltr'><strong>poste</strong></span> <span class='ocrx_word' id='word_1_406' title='bbox 452 3218 563 3282; x_wconf 76' lang='lat' dir='ltr'><strong>forentes,</strong></span> <span class='ocrx_word' id='word_1_407' title='bbox 582 3221 606 3267; x_wconf 89' lang='lat' dir='ltr'><strong>in</strong></span> <span class='ocrx_word' id='word_1_408' title='bbox 625 3221 675 3267; x_wconf 83' lang='lat' dir='ltr'><strong>loro</strong></span> <span class='ocrx_word' id='word_1_409' title='bbox 690 3221 800 3267; x_wconf 83' lang='lat' dir='ltr'><strong>continuo</strong></span> <span class='ocrx_word' id='word_1_410' title='bbox 819 3230 935 3268; x_wconf 81' lang='lat' dir='ltr'><strong>versantes</strong></span> <span class='ocrx_word' id='word_1_411' title='bbox 953 3218 1061 3282; x_wconf 61' lang='lat' dir='ltr'><strong>(eom-</strong></span> 
     </span>
     <span class='ocr_line' id='line_1_45' title="bbox 116 3284 1061 3351; baseline -0.005 -15"><span class='ocrx_word' id='word_1_412' title='bbox 116 3288 210 3351; x_wconf 81' lang='lat' dir='ltr'><strong>soroner&#39;</strong></span> <span class='ocrx_word' id='word_1_413' title='bbox 223 3288 286 3348; x_wconf 85' lang='lat' dir='ltr'><strong>apud</strong></span> <span class='ocrx_word' id='word_1_414' title='bbox 299 3284 446 3347; x_wconf 85' lang='lat' dir='ltr'><strong>Ciceronem)</strong></span> <span class='ocrx_word' id='word_1_415' title='bbox 451 3286 598 3348; x_wconf 69' lang='lat' dir='ltr'><strong>juvenantur,</strong></span> <span class='ocrx_word' id='word_1_416' title='bbox 610 3285 634 3331; x_wconf 88' lang='lat' dir='ltr'><strong>id</strong></span> <span class='ocrx_word' id='word_1_417' title='bbox 645 3294 680 3331; x_wconf 87' lang='lat' dir='ltr'><strong>eat</strong></span> <span class='ocrx_word' id='word_1_418' title='bbox 691 3295 759 3332; x_wconf 76' lang='lat' dir='ltr'><strong>acuta</strong></span> <span class='ocrx_word' id='word_1_419' title='bbox 770 3301 796 3332; x_wconf 87' lang='lat' dir='ltr'><strong>oc</strong></span> <span class='ocrx_word' id='word_1_420' title='bbox 807 3286 888 3332; x_wconf 81' lang='lat' dir='ltr'><strong>festiva</strong></span> <span class='ocrx_word' id='word_1_421' title='bbox 898 3287 960 3332; x_wconf 83' lang='lat' dir='ltr'><strong>diota</strong></span> <span class='ocrx_word' id='word_1_422' title='bbox 969 3294 1061 3332; x_wconf 79' lang='lat' dir='ltr'><strong>testeo·</strong></span> 
     </span>
    </p>
   </div>
   <div class='ocr_carea' id='block_1_3' title="bbox 45 3349 1063 3413">
    <p class='ocr_par' dir='ltr' id='par_1_7' title="bbox 45 3349 1063 3413">
     <span class='ocr_line' id='line_1_46' title="bbox 45 3349 1063 3413; baseline -0.004 -12"><span class='ocrx_word' id='word_1_423' title='bbox 45 3396 49 3405; x_wconf 82' lang='lat'>.</span> <span class='ocrx_word' id='word_1_424' title='bbox 122 3362 169 3410; x_wconf 86' lang='lat' dir='ltr'><strong>tur,</strong></span> <span class='ocrx_word' id='word_1_425' title='bbox 180 3354 216 3399; x_wconf 81' lang='lat' dir='ltr'><strong>vel</strong></span> <span class='ocrx_word' id='word_1_426' title='bbox 228 3353 355 3413; x_wconf 67' lang='lat' dir='ltr'><strong>prasertim</strong></span> <span class='ocrx_word' id='word_1_427' title='bbox 368 3352 392 3397; x_wconf 89' lang='lat' dir='ltr'><strong>in</strong></span> <span class='ocrx_word' id='word_1_428' title='bbox 403 3352 520 3397; x_wconf 79' lang='lat' dir='ltr'><strong>amoribus</strong></span> <span class='ocrx_word' id='word_1_429' title='bbox 535 3351 633 3409; x_wconf 73' lang='lat' dir='ltr'><strong>agendis</strong></span> <span class='ocrx_word' id='word_1_430' title='bbox 643 3349 719 3396; x_wconf 82' lang='lat' dir='ltr'><strong>verbis</strong></span> <span class='ocrx_word' id='word_1_431' title='bbox 736 3360 832 3397; x_wconf 85' lang='lat' dir='ltr'><strong>utantur</strong></span> <span class='ocrx_word' id='word_1_432' title='bbox 846 3350 915 3396; x_wconf 85' lang='lat' dir='ltr'><strong>nimis</strong></span> <span class='ocrx_word' id='word_1_433' title='bbox 933 3350 1018 3397; x_wconf 86' lang='lat' dir='ltr'><strong>teneris</strong></span> <span class='ocrx_word' id='word_1_434' title='bbox 1034 3365 1063 3397; x_wconf 84' lang='lat' dir='ltr'><strong>ao</strong></span> 
     </span>
    </p>
   </div>
   <div class='ocr_carea' id='block_1_4' title="bbox 121 3415 1062 3735">
    <p class='ocr_par' dir='ltr' id='par_1_8' title="bbox 121 3415 1062 3735">
     <span class='ocr_line' id='line_1_47' title="bbox 123 3415 1062 3476; baseline -0.003 -12"><span class='ocrx_word' id='word_1_435' title='bbox 123 3417 244 3471; x_wconf 77' lang='lat' dir='ltr'><strong>delicatis3</strong></span> <span class='ocrx_word' id='word_1_436' title='bbox 262 3419 369 3472; x_wconf 84' lang='lat' dir='ltr'><strong>alterum,</strong></span> <span class='ocrx_word' id='word_1_437' title='bbox 391 3416 418 3471; x_wconf 82' lang='lat' dir='ltr'><strong>ai,</strong></span> <span class='ocrx_word' id='word_1_438' title='bbox 435 3424 462 3461; x_wconf 90' lang='lat' dir='ltr'><strong>ut</strong></span> <span class='ocrx_word' id='word_1_439' title='bbox 482 3416 603 3476; x_wconf 66' lang='lat' dir='ltr'><strong>plebecula</strong></span> <span class='ocrx_word' id='word_1_440' title='bbox 622 3416 647 3461; x_wconf 85' lang='lat' dir='ltr'><strong>io</strong></span> <span class='ocrx_word' id='word_1_441' title='bbox 665 3415 739 3461; x_wconf 81' lang='lat' dir='ltr'><strong>triviis</strong></span> <span class='ocrx_word' id='word_1_442' title='bbox 756 3416 845 3469; x_wconf 78' lang='lat' dir='ltr'><strong>innan,</strong></span> <span class='ocrx_word' id='word_1_443' title='bbox 867 3418 974 3461; x_wconf 80' lang='lat' dir='ltr'><strong>obeooene</strong></span> <span class='ocrx_word' id='word_1_444' title='bbox 991 3425 1062 3474; x_wconf 85' lang='lat' dir='ltr'><strong>atque</strong></span> 
     </span>
     <span class='ocr_line' id='line_1_48' title="bbox 121 3480 1062 3543; baseline -0.002 -15"><span class='ocrx_word' id='word_1_445' title='bbox 121 3481 277 3543; x_wconf 71' lang='lat' dir='ltr'><strong>ignominiose</strong></span> <span class='ocrx_word' id='word_1_446' title='bbox 288 3482 312 3528; x_wconf 92' lang='lat' dir='ltr'><strong>in</strong></span> <span class='ocrx_word' id='word_1_447' title='bbox 323 3482 381 3527; x_wconf 83' lang='lat' dir='ltr'><strong>olios</strong></span> <span class='ocrx_word' id='word_1_448' title='bbox 392 3481 523 3540; x_wconf 75' lang='lat' dir='ltr'><strong>loquentur,</strong></span> <span class='ocrx_word' id='word_1_449' title='bbox 541 3482 588 3540; x_wconf 76' lang='lat' dir='ltr'><strong>qui</strong></span> <span class='ocrx_word' id='word_1_450' title='bbox 603 3480 692 3526; x_wconf 86' lang='lat' dir='ltr'><strong>ratione</strong></span> <span class='ocrx_word' id='word_1_451' title='bbox 708 3494 775 3540; x_wconf 79' lang='lat' dir='ltr'><strong>saque</strong></span> <span class='ocrx_word' id='word_1_452' title='bbox 791 3481 875 3525; x_wconf 83' lang='lat' dir='ltr'><strong>absunt</strong></span> <span class='ocrx_word' id='word_1_453' title='bbox 885 3482 914 3526; x_wconf 88' lang='lat' dir='ltr'><strong>ab</strong></span> <span class='ocrx_word' id='word_1_454' title='bbox 925 3481 1010 3539; x_wconf 76' lang='lat' dir='ltr'><strong>agresti</strong></span> <span class='ocrx_word' id='word_1_455' title='bbox 1020 3481 1062 3526; x_wconf 73' lang='lat' dir='ltr'><strong>illd</strong></span> 
     </span>
     <span class='ocr_line' id='line_1_49' title="bbox 122 3541 1061 3607; baseline -0.002 -14"><span class='ocrx_word' id='word_1_456' title='bbox 122 3547 227 3607; x_wconf 78' lang='lat' dir='ltr'><strong>quidem,</strong></span> <span class='ocrx_word' id='word_1_457' title='bbox 244 3548 284 3592; x_wconf 84' lang='lat' dir='ltr'><strong>sed</strong></span> <span class='ocrx_word' id='word_1_458' title='bbox 300 3546 379 3593; x_wconf 71' lang='lat' dir='ltr'><strong>nativi</strong></span> <span class='ocrx_word' id='word_1_459' title='bbox 397 3545 553 3605; x_wconf 70' lang='lat' dir='ltr'><strong>simplicitate,</strong></span> <span class='ocrx_word' id='word_1_460' title='bbox 570 3559 625 3604; x_wconf 80' lang='lat' dir='ltr'><strong>quse</strong></span> <span class='ocrx_word' id='word_1_461' title='bbox 640 3559 679 3590; x_wconf 91' lang='lat' dir='ltr'><strong>eos</strong></span> <span class='ocrx_word' id='word_1_462' title='bbox 695 3545 764 3590; x_wconf 83' lang='lat' dir='ltr'><strong>uoles</strong></span> <span class='ocrx_word' id='word_1_463' title='bbox 779 3541 1061 3606; x_wconf 67' lang='lat' dir='ltr'><strong>decet-[jooemntur]</strong></span> 
     </span>
     <span class='ocr_line' id='line_1_50' title="bbox 123 3605 1062 3673; baseline -0.005 -14"><span class='ocrx_word' id='word_1_464' title='bbox 123 3608 195 3665; x_wconf 70' lang='grc' dir='ltr'><strong>ἅπαξ</strong></span> <span class='ocrx_word' id='word_1_465' title='bbox 206 3608 343 3673; x_wconf 80' lang='grc' dir='ltr'><strong><em>λεγόμενον</em></strong></span> <span class='ocrx_word' id='word_1_466' title='bbox 355 3611 477 3656; x_wconf 77' lang='lat' dir='ltr'><strong>formatum</strong></span> <span class='ocrx_word' id='word_1_467' title='bbox 487 3609 516 3655; x_wconf 88' lang='lat' dir='ltr'><strong>sd</strong></span> <span class='ocrx_word' id='word_1_468' title='bbox 528 3610 662 3655; x_wconf 75' lang='lat' dir='ltr'><strong>Graeoorum</strong></span> <span class='ocrx_word' id='word_1_469' title='bbox 674 3605 846 3656; x_wconf 63' lang='grc' dir='ltr'>νεανιεύεσθαι</span> <span class='ocrx_word' id='word_1_470' title='bbox 863 3618 887 3654; x_wconf 87' lang='lat' dir='ltr'><strong>et</strong></span> <span class='ocrx_word' id='word_1_471' title='bbox 901 3606 1062 3671; x_wconf 72' lang='grc' dir='ltr'>μιιραιιεύεα·</span> 
     </span>
     <span class='ocr_line' id='line_1_51' title="bbox 122 3672 1062 3735; baseline -0.004 -12"><span class='ocrx_word' id='word_1_472' title='bbox 122 3674 176 3731; x_wconf 67' lang='grc' dir='ltr'>θαι,</span> <span class='ocrx_word' id='word_1_473' title='bbox 187 3680 194 3702; x_wconf 82' lang='lat'><strong>⁴</strong></span> <span class='ocrx_word' id='word_1_474' title='bbox 204 3690 265 3723; x_wconf 85' lang='lat' dir='ltr'><strong>nuno</strong></span> <span class='ocrx_word' id='word_1_475' title='bbox 277 3676 368 3732; x_wconf 85' lang='lat' dir='ltr'><strong>lascivo,</strong></span> <span class='ocrx_word' id='word_1_476' title='bbox 385 3688 448 3721; x_wconf 83' lang='lat' dir='ltr'><strong>nuno</strong></span> <span class='ocrx_word' id='word_1_477' title='bbox 459 3674 528 3721; x_wconf 85' lang='lat' dir='ltr'><strong>nimis</strong></span> <span class='ocrx_word' id='word_1_478' title='bbox 539 3683 620 3720; x_wconf 86' lang='lat' dir='ltr'><strong>tenero</strong></span> <span class='ocrx_word' id='word_1_479' title='bbox 630 3675 700 3721; x_wconf 87' lang='lat' dir='ltr'><strong>modo</strong></span> <span class='ocrx_word' id='word_1_480' title='bbox 710 3683 735 3720; x_wconf 86' lang='lat' dir='ltr'><strong>et</strong></span> <span class='ocrx_word' id='word_1_481' title='bbox 750 3687 803 3719; x_wconf 87' lang='lat' dir='ltr'><strong>cum</strong></span> <span class='ocrx_word' id='word_1_482' title='bbox 821 3674 898 3721; x_wconf 81' lang='lat' dir='ltr'><strong>neseio</strong></span> <span class='ocrx_word' id='word_1_483' title='bbox 913 3676 961 3733; x_wconf 78' lang='lat' dir='ltr'><strong>qud</strong></span> <span class='ocrx_word' id='word_1_484' title='bbox 977 3672 1062 3735; x_wconf 87' lang='lat' dir='ltr'><strong>leporis</strong></span> 
     </span>
    </p>
   </div>
   <div class='ocr_carea' id='block_1_5' title="bbox 0 0 1226 4059">
    <p class='ocr_par' dir='ltr' id='par_1_9' title="bbox 0 0 1226 4059">
     <span class='ocr_line' id='line_1_52' title="bbox 0 0 1226 4059; baseline 0 1"><span class='ocrx_word' id='word_1_485' title='bbox 0 0 1226 4059; x_wconf 95' lang='lat' dir='ltr'><strong> </strong></span> 
     </span>
    </p>
   </div>
  </div>
 </body>
</html>
