2442 4059
141 255 193 291 ars.
207 255 224 291 1.
236 242 273 305 a]
472 242 754 290 INTERI’RETATIO.
1021 241 1082 305 211

139 395 285 451 restitutum,
306 408 386 439 rursus
404 394 486 441 fecisse
502 392 790 456 preconium-[verm
809 391 856 455 est]
881 396 990 453 ‘equum
1008 401 1045 439 eat
1060 402 1085 440 et

139 460 209 505 decet
220 474 338 520 quemque
349 458 411 505 intra
420 474 458 505 eos
470 460 529 505 fines
540 474 635 507 manere
646 474 746 520 eamque
753 460 826 505 vitam
836 460 930 518 eligere,
942 474 994 519 quae
1006 461 1083 519 cujus-

138 540 187 584 que
198 525 287 571 riribns
298 539 325 570 ao
336 524 370 569 rei
381 524 490 571 familiari
502 539 573 585 qnam
584 526 686 571 maxime
696 531 853 571 consentanea
862 524 908 570 sit’

489 720 649 767 Emsroue
666 719 735 767 vill.

172 848 278 895 Annuit.
297 848 333 895 De
351 856 400 895 toto
419 849 463 895 hoo
481 849 596 909 Epistolio
617 849 703 909 scripto
726 861 816 896 mmo.
838 847 894 906 734,
918 850 959 897 cfr.
981 850 1082 897 Jacobsii

137 913 215 1024 {lectt
228 915 314 959 Venus.
325 929 347 974 p.
360 914 417 961 335.
451 915 518 960 ldem
529 922 564 961 est
575 915 665 972 Celeus,
682 915 748 974 eujus
762 914 906 961 mentionem
920 915 976 961 facit
988 916 1047 976 Epp.
1061 917 1084 971 1,

155 1012 162 1034 ,
176 978 215 1035 15,
227 978 266 1024 nbi
277 979 338 1025 vide.

173 1043 195 1099 l.
208 1045 231 1089 2.
249 1041 327 1105 [Celso
341 1040 455 1104 gaudere]
480 1044 574 1098 ‘Refen
592 1044 663 1091 idusd
681 1057 695 1089 a
710 1057 750 1089 me
765 1045 855 1103 rogata,
873 1044 941 1090 Celro
959 1042 1008 1103 (me
1028 1058 1083 1089 eum

132 1106 232 1169 iubere)
250 1105 346 1169 χαίρειν
362 1106 403 1155 sul
422 1105 446 1154 εὖ
464 1104 600 1171 πράττειν]
635 1109 716 1155 Celsus
731 1108 804 1168 igitur
818 1109 931 1155 salutaret
944 1110 1083 1162 Horatiums

139 1170 278 1233 (quomodo,
301 1171 463 1233 ignoramus:)
484 1174 523 1219 hie
540 1174 641 1222 amicum
656 1174 784 1233 juniorem,
805 1174 849 1219 sibi
868 1188 948 1219 cerum
967 1185 991 1218 et
1010 1188 1082 1233 quem

137 1238 331 1297 magnifaceret,
353 1239 474 1297 resalutat,
491 1239 566 1285 Musa·
583 1238 628 1287 hoe
643 1238 746 1285 officium
765 1234 1081 1299 mandene—[scribaeque]
1140 1279 1146 1292 ,

139 1302 185 1347 iiis
202 1317 241 1348 vv.
261 1303 282 1348 ei
305 1303 437 1361 gratulatur
454 1318 540 1349 munus
564 1304 645 1363 utique
666 1302 829 1357 honorificum,
848 1303 912 1361 quod
930 1303 1009 1362 paullo
1027 1311 1082 1348 ante

137 1367 239 1427 adeptus
250 1376 308 1423 erat,
326 1382 402 1427 neque
413 1382 476 1423 vero,
495 1376 522 1413 ut
532 1369 583 1413 aliia
594 1370 670 1414 visum
681 1374 723 1423 est,
741 1382 796 1413 enm
808 1368 907 1414 deridet
941 1367 988 1416 Qui
1000 1367 1082 1426 huius·

137 1431 203 1477 modi
215 1432 305 1477 cohorti
315 1432 444 1478 amicornm
459 1432 603 1493 proconsulis
615 1433 651 1478 sel
663 1432 730 1478 ducis
742 1433 862 1491 aggregati
874 1439 948 1486 erant,
962 1432 1082 1478 interdum

137 1496 312 1543 sdbibebantnr
322 1498 352 1542 sd
363 1496 472 1557 epistolae
485 1498 509 1542 in
524 1497 605 1556 primis
620 1511 715 1543 arcanas
733 1505 757 1542 et
773 1497 886 1556 gravioria
903 1497 1035 1556 argumenti
1051 1511 1082 1542 ex
1178 1528 1184 1534 -

137 1560 202 1609 illius
214 1562 326 1607 mandato
337 1562 523 1617 conscribendas,
534 1562 564 1607 ad
574 1561 722 1621 quotidianas
732 1562 792 1607 servi
803 1563 840 1607 sel
852 1562 936 1607 liberti.

170 1625 195 1681 3,
206 1627 229 1671 4.
247 1623 287 1687 [Si
297 1623 396 1687 queret]
415 1626 492 1673 Multa
503 1628 554 1685 Jsm
565 1640 619 1673 oum
631 1622 788 1672 familiaritate
802 1635 827 1672 et
838 1626 1002 1672 benevolendi
1013 1626 1082 1673 Celso

137 1697 215 1737 torum
226 1691 298 1737 animi
310 1692 347 1737 sui
357 1698 445 1737 statum
457 1691 545 1751 aperit:
564 1693 602 1737 ‘ae
616 1691 661 1737 sibi
675 1691 805 1751 displicere,
822 1706 870 1737 non
887 1701 983 1751 propter
1000 1705 1082 1738 causas

137 1754 246 1801 fortuitas
263 1764 334 1815 atque
351 1763 467 1810 externas,
485 1756 525 1802 sed
544 1764 640 1816 propter
655 1756 843 1816 inexplicabilem
861 1758 980 1816 quandam
996 1756 1082 1803 mentis

137 1820 311 1878 egritudinem,
336 1822 383 1879 qui
402 1835 428 1866 ee
450 1835 512 1866 nune
529 1820 626 1879 quidem
642 1821 741 1867 liberare
762 1818 1080 1882 dequesti-[minentem]

138 1884 303 1944 ‘pollicentem
322 1899 350 1931 ae
369 1884 521 1941 molientem,’
535 1892 562 1932 ut
578 1887 628 1932 Sat.
645 1886 668 1942 2,
687 1884 711 1941 3,
725 1887 750 1942 9,
764 1894 788 1933 et
801 1887 893 1933 Pnaedr.
906 1886 929 1938 4.
940 1886 1015 1942 tut
1031 1887 1082 1933 Hos

136 1950 249 2009 seriptum
267 1956 300 1997 esi
319 1951 369 2005 tibi,
389 1950 435 1999 Qui
451 1964 535 2012 magno
553 1966 622 2011 quum
637 1953 740 2007 raineris,
757 1955 855 1999 tetricos
871 1952 938 1999 nihil.
971 1950 1083 1997 Refertur

136 2021 219 2060 sutem
229 2014 254 2060 in
265 2015 347 2075 primia
359 2016 390 2061 ad
403 2014 481 2061 studia
495 2012 694 2076 poetica-[aee
708 2014 780 2078 reete]
800 2019 864 2063 ‘non
882 2016 953 2062 nimis
969 2018 1030 2061 bene
1043 2028 1082 2061 ms

137 2078 227 2135 vivere,
237 2094 285 2125 non
295 2080 352 2125 setis
361 2093 399 2125 me
409 2079 461 2139 ipso
471 2087 607 2127 contentum
618 2095 677 2136 ease,
687 2090 811 2141 propterea
821 2096 865 2128 nee
874 2081 990 2127 suaviter)

171 2142 243 2190 5-6.
262 2140 429 2205 [momorderit]
448 2146 480 2191 Iit
490 2146 520 2191 de
531 2152 589 2191 aestu
601 2153 626 2191 et
636 2146 667 2208 de
676 2146 763 2204 frigore
774 2144 834 2205 (Sar.
844 2147 868 2201 2,
880 2146 904 2199 6,
916 2142 959 2203 45)
979 2142 1064 2203 dieitpr
1074 2159 1081 2197 ς
1092 2176 1096 2185 ,

136 2208 162 2255 h.
180 2208 196 2254 l.
215 2208 245 2254 de
263 2208 324 2255 foliis
341 2209 457 2265 arefactis,
473 2210 549 2257 barole
563 2206 833 2271 ostia-[longinquis]
851 2218 878 2254 ut
894 2208 980 2255 divites
997 2221 1082 2268 greges

136 2272 257 2319 hebebant
265 2282 289 2319 et
300 2274 324 2319 in
333 2274 442 2320 Calabria
452 2286 476 2320 et
487 2274 512 2320 in
522 2275 600 2321 Gallii
607 2274 774 2333 Cisalpina-
782 2270 870 2336 [agris]
883 2274 958 2333 ‘agris
969 2272 1083 2333 pascuiss’

135 2344 165 2383 ut
176 2338 314 2384 dividebant
323 2352 392 2397 egros
401 2339 427 2384 in
435 2351 540 2398 pascuost,
552 2353 629 2394 arros,
638 2340 754 2393 arbustoa,
764 2340 872 2384 oonsitos.

170 2402 258 2449 9-12.
276 2399 366 2464 [Fidis]
387 2404 450 2462 ‘qui,
461 2411 488 2449 ut
498 2404 548 2463 ipae
560 2403 698 2464 probardo,
709 2404 798 2449 melum
809 2416 888 2447 merem
898 2402 977 2448 levare
984 2402 1081 2448 volont’

136 2466 234 2513 Amicos
255 2475 334 2513 autem
356 2468 472 2525 corrigere
493 2468 556 2514 huno
575 2482 674 2528 pravum
693 2467 766 2514 animi
783 2467 892 2513 habitum
913 2475 1009 2513 arentes
1027 2482 1082 2513 eam

135 2531 237 2577 medicis
247 2540 373 2592 comparat.
380 2556 413 2565 —
422 2528 484 2593 [Cur
494 2530 540 2593 me]
554 2533 619 2579 idem
629 2533 678 2579 fere
688 2546 715 2579 ac
727 2535 864 2593 ‘propterea
875 2534 937 2591 quod
945 2533 958 2587 ;'
970 2533 1012 2579 sed
1021 2532 1082 2578 illud

136 2602 175 2641 est
185 2596 320 2656 discrimen,
333 2598 395 2657 quod
407 2596 451 2643 hoo
461 2598 576 2643 rationem
585 2596 722 2658 simpliciter
732 2597 856 2656 signifieat,
872 2598 973 2643 alterum
984 2598 1082 2644 ductum

136 2667 175 2706 est
195 2674 225 2705 ex
244 2662 333 2707 directis
355 2658 554 2721 interrogalionez
582 2658 958 2723 Gur—properatisi-[aroere
978 2657 1079 2721 ueteruo]

135 2726 224 2771 Arcera
235 2740 289 2771 cnm
304 2727 405 2773 ablativo
419 2726 470 2773 sine
484 2741 582 2787 praepos.
593 2742 609 2774 a
618 2728 690 2773 etiem
701 2728 728 2772 in
738 2729 808 2787 proed
818 2742 852 2772 or.
875 2726 924 2773 Cic.
936 2726 995 2773 Phil.
1006 2727 1030 2781 5,
1045 2725 1081 2780 tt,

135 2791 222 2836 batem
239 2793 315 2837 arcuit
332 2792 418 2838 Gallia.
451 2791 539 2837 Mentis
555 2798 667 2848 mter-sus,
685 2806 776 2838 mereor
791 2800 816 2837 et
831 2799 911 2851 torpor
924 2800 960 2837 eat
970 2792 1018 2846 ille,
1035 2805 1082 2850 quo

136 2854 215 2901 affecti
227 2854 286 2900 nihil
296 2870 385 2909 eorum,
403 2870 457 2915 ques
472 2856 539 2902 nobis
556 2857 728 2917 proposuimus,
745 2856 857 2915 perficere
875 2865 945 2915 etque
962 2857 1082 2901 elaborare

135 2920 402 3040 mium
411 2928 501 3032 :ltt’
511 2918 1082 3045 ll⁸rrttrlts⁰tltithtttlltl⁸fh

137 3062 220 3111 αργον
232 3049 307 3095 Greci
317 3052 467 3097 nominarunt.
484 3000 629 3111 mmmm
637 3064 710 3110 gersus
719 3057 809 3096 aemam
819 3057 854 3097 est
864 3057 894 3106 et,
911 3052 957 3097 nisi
966 3050 1081 3095 suoeurri-
1101 3052 1106 3062 ’

136 3120 184 3169 tur,
202 3114 307 3161 celeriter
312 3110 587 3175 jugulat-[uestrum]
606 3115 614 3139 ⁴
620 3114 686 3171 levia,
693 3115 835 3170 inconstans,
848 3114 979 3160 instabilis!
998 3113 1082 3161 Cosam.

52 3213 58 3226 .
138 3178 207 3239 Gruq.
227 3179 264 3225 Sic
274 3179 324 3225 cio.
334 3181 364 3225 ad
377 3180 442 3226 Fsm.
455 3179 492 3237 ll,
504 3181 527 3236 9,
542 3179 658 3239 Lepidum
668 3181 776 3226 bominem
786 3182 962 3226 uentosissimum
971 3177 1082 3237 appellat.

135 3240 293 3304 ulTibure]
316 3244 355 3289 ‘in
378 3244 465 3291 Sabino
485 3260 539 3291 meo
560 3258 634 3305 prope
654 3244 742 3290 Tibur!
770 3243 911 3299 caluitii,
932 3242 953 3296 i,
975 3243 996 3287 0
1004 3238 1082 3301 fraude

136 3314 220 3363 sotter,
231 3323 269 3354 seu
281 3309 364 3357 Sabine
375 3324 415 3356 seu
429 3310 512 3357 Tiburs
519 3326 529 3363 ,·
546 3317 569 3356 et
580 3309 621 3355 cfr.
633 3309 680 3355 Sat.
692 3310 715 3364 2,
728 3308 751 3364 7,
762 3308 802 3356 23.

171 3371 272 3426 13-17.
290 3370 351 3435 [rem
358 3370 440 3435 gerat]
458 3375 591 3435 ‘quomodo
605 3374 682 3421 officis
692 3388 719 3420 ao
728 3373 823 3434 negotia
833 3387 876 3418 sus
886 3378 959 3425 curet,
970 3378 995 3416 et
1005 3370 1082 3430 qualis

135 3436 168 3482 ait
184 3436 258 3483 animi
277 3442 327 3497 ejus
345 3435 591 3502 status.’-[juueni]
616 3439 711 3488 'l'iberio
729 3447 786 3484 tuno
805 3448 870 3482 xxti.
887 3451 961 3482 annos
978 3443 1082 3482 nato.—

136 3498 218 3563 [utque
234 3500 330 3562 suborti]
349 3503 396 3549 etr.
408 3504 455 3549 Sat.
470 3503 491 3558 l,
502 3503 525 3561 7,
536 3504 575 3551 23
594 3503 656 3564 Epp.
672 3503 693 3559 1,
707 3502 730 3559 3,
745 3502 768 3549 6.
803 3502 880 3560 Hujus
897 3501 968 3546 moris
982 3502 1081 3561 primns,

136 3574 163 3611 nt
174 3566 275 3622 uidetur,
286 3574 366 3613 auctor
377 3567 422 3613 fuit
433 3568 509 3627 Scipio
522 3568 646 3615 hirioanus
655 3568 741 3613 minor.
758 3566 805 3613 cfr.
817 3566 919 3626 Appian.
930 3566 1029 3627 Hispan.
1040 3565 1080 3611 at

135 3655 169 3667 —
178 3626 299 3693 [subinde]
317 3632 416 3680 ‘deinde
428 3633 588 3695 protinna.’-
596 3629 735 3694 [issatillore]
753 3630 851 3678 ‘leniter
864 3638 934 3691 atque
945 3632 1019 3678 amice
1031 3640 1078 3677 tra·
