2442 4059
4 2521 11 2706 l

90 247 92 252 '
177 263 239 328 163
353 279 356 284 ·
504 261 785 309 muraenarum.
1050 264 1121 329 [sn.

174 417 265 473 toralia,
278 415 368 461 Isidoro
380 415 420 460 Or.
433 413 471 468 19,
482 412 521 468 26,
535 413 612 474 Tyria
622 419 695 460 neuter
706 420 786 458 autem
802 427 914 473 purpura,
932 428 980 472 que
995 417 1123 465 cervicatis

173 482 266 540 torique
277 479 388 526 tomentis
398 478 451 524 farti
463 486 529 523 erant
540 478 652 537 cooperti.
672 477 720 523 Cir.
734 479 782 524 Sat.
793 479 816 532 2,
827 478 851 532 4,
865 478 918 524 162.
938 480 1000 539 Epp.
1014 481 1121 537 1,6,21.

205 544 309 593 tel-94.
329 539 465 605 [interpres]
484 542 552 603 qnasi
569 537 703 604 ὑποφήτης
719 540 833 602 sapientis
849 543 913 588 illius
930 544 1006 603 ignoti
1018 543 1054 606 (v.
1068 548 1120 604 11)).

172 605 372 670 -[tantandem]
398 613 481 666 ‘quam
499 607 550 667 ipsa
566 617 696 668 praeceptor
711 607 782 653 tuae!
792 605 1002 669 -[hnlritamqae]
1028 613 1121 659 ‘omnia

139 665 143 672 ’
172 682 258 734 prater
278 674 368 719 vultum
390 672 464 718 forma
484 671 586 718 exterior
604 680 676 730 atque
697 668 948 798 cultua’-[fonter)
971 675 1069 721 Festina
1084 687 1122 724 eat

172 735 290 850 pappolo
302 737 437 784 Lueretiaui
448 734 519 794 illius,
531 735 553 793 l,
564 736 620 792 926,
625 735 696 798 javat
706 739 806 798 integros
816 738 922 784 accedere
942 745 1004 786 nater
1015 738 1121 802 Atque

194 818 310 851 oerore.

467 979 468 986 ,
558 931 680 979 sartan
699 933 727 978 V.

205 1063 310 1111 Anaua.
330 1064 407 1111 Aucta
423 1062 448 1109 iu
466 1063 516 1109 elles
535 1076 628 1108 morum
645 1008 903 1121 corruptela-tandem
921 1061 1009 1110 lanum
1027 1072 1074 1124 eat,
1092 1074 1119 1112 ut

171 1129 268 1176 sortasse
285 1131 310 1176 in
329 1129 394 1175 nullo
412 1129 458 1174 alio
475 1128 561 1188 populo
578 1128 655 1186 magia
672 1142 743 1187 quam
762 1127 825 1186 apud
843 1128 961 1174 Romanos
979 1128 1026 1175 hoc
1044 1139 1118 1176 testa·

170 1203 304 1240 mentorum
325 1194 493 1253 captandorum
515 1191 621 1238 studium
637 1193 668 1238 ab
689 1191 832 1251 heredipetis
851 1199 972 1251 tamquam
990 1194 1119 1253 singularia

171 1261 279 1319 quadarn
291 1274 329 1305 ars
341 1267 365 1304 et
375 1258 483 1318 proprius
499 1264 602 1316 quastus
617 1264 773 1302 exerceretur.
800 1256 848 1302 ctr.
860 1257 918 1302 llor.
931 1257 992 1316 Epp.
1007 1258 1030 1312 1,
1045 1258 1068 1314 l,
1078 1260 1119 1315 77.

101 1366 104 1371 .
171 1325 254 1370 Cicero
266 1325 348 1370 Parad.
360 1324 383 1376 6,
394 1323 417 1369 2.
443 1323 531 1368 Seneca
541 1321 571 1367 ‹le
583 1321 664 1367 Benei.
675 1321 700 1375 6,
711 1321 751 1367 36.
769 1321 846 1382 Epist.
856 1321 895 1368 66.
914 1321 974 1367 Plin.
988 1323 1019 1368 H.
1033 1324 1064 1370 N.
1077 1325 1117 1381 lt,

170 1389 272 1436 Prooem.
284 1388 393 1436 Juvenal.
406 1388 454 1434 Sat
467 1387 505 1446 12,
516 1387 609 1432 Peteon.
627 1387 675 1432 Sat.
688 1386 742 1441 124,
761 1396 785 1431 et
797 1388 878 1432 crebro
891 1387 955 1446 apud
973 1387 1116 1444 Laelaaum,

170 1462 197 1500 ut
211 1454 272 1500 Dial.
287 1453 357 1499 Mort.
372 1452 395 1499 6.
429 1452 517 1498 Contra
534 1451 577 1497 hos
595 1451 676 1510 igitur,
693 1451 734 1510 qui
748 1452 891 1497 vocabantur
908 1459 1048 1510 captatores,
1065 1454 1117 1500 linc

171 1517 249 1565 Satira
260 1519 391 1577 conscripta
401 1526 444 1572 est,
457 1529 538 1562 omnes
551 1516 624 1570 dolos,
637 1515 745 1571 artificia,
761 1515 859 1562 insidias
870 1517 1013 1571 describens,
1030 1520 1116 1577 quibua

169 1583 277 1629 homines
292 1583 331 1629 iati
349 1582 383 1628 uti
401 1583 514 1628 solebant.
548 1581 587 1626 Ex
602 1579 688 1626 festivi
703 1587 783 1626 autem
800 1575 915 1643 rrappbip
937 1581 1073 1637 Homerici,
1089 1583 1116 1630 in

169 1662 217 1708 quo
234 1661 320 1706 genere
338 1647 402 1707 apud
413 1647 508 1692 Graecos
525 1646 673 1692 excellebant
687 1642 775 1691 Σίλλοι
786 1645 893 1691 'limonia
908 1644 1015 1701 Philaeni,
1032 1648 1116 1694 Ulixes

168 1713 245 1773 pergit
264 1712 409 1771 interrogare
427 1713 457 1757 tle
474 1710 675 1756 vicissitudinibus
691 1709 777 1756 tutare
795 1725 844 1756 aare
860 1710 923 1764 vitre,
940 1710 965 1755 in
983 1711 1067 1771 primia
1085 1713 1116 1760 tle

169 1777 299 1823 certissimo
310 1791 366 1836 opes
377 1776 474 1822 amissas
484 1776 639 1835 recuperandi
649 1775 729 1834 morlo,
738 1774 798 1820 vatia
811 1775 916 1820 'l'hebani
928 1776 1047 1832 umbram,
1058 1791 1116 1823 oon-

168 1842 264 1887 tinuans
282 1842 347 1901 quasi
366 1856 403 1886 vv.
423 1841 508 1901 Odyss.
526 1842 555 1888 A.
575 1839 628 1894 137.
662 1839 754 1900 Scripta
774 1847 855 1886 autem
871 1840 965 1885 videtur
981 1839 1115 1888 Kirchaero

170 1917 194 1952 e.
208 1919 232 1954 u.
244 1919 265 1952 c.
278 1905 333 1961 726.

203 1971 272 2018 1-3.
292 1965 413 2032 [nancto]
433 1971 461 2015 ‘a
478 1976 501 2015 te
523 1968 582 2014 mihi
604 1969 682 2015 dicta!
711 1965 915 2031 Aen—[doloro]
936 1969 1043 2016 ‘homini
1066 1979 1115 2017 tam

169 2044 220 2082 cato
231 2044 302 2096 atque
314 2034 452 2094 ingenioso?

201 2101 288 2157 7-11.
304 2096 437 2162 [apotheca]
457 2097 519 2144 unde
534 2099 632 2158 bottego,
649 2099 761 2159 beatique,
771 2096 846 2153 Bude,
857 2098 930 2157 booth,
946 2098 1006 2144 cella
1023 2099 1115 2147 vinaria

167 2167 192 2214 in
211 2167 331 2227 superiore
350 2165 436 2210 aetlium
455 2170 532 2224 parte,
553 2177 625 2223 supra
642 2162 778 2230 (amariam.
811 2162 902 2208 Colum.
921 2161 942 2218 l,
962 2163 986 2218 6,
1004 2164 1046 2223 26,
1060 2168 1115 2212 siae

168 2234 264 2280 celerior
281 2236 440 2284 vetustescunt,
460 2244 510 2290 qaoe
525 2224 588 2287 frent
610 2229 707 2289 quodam
724 2233 799 2273 tenore
814 2237 936 2288 premere
957 2232 1114 2277 maturitatem

168 2299 308 2345 trabunt-
315 2293 394 2357 [uilior
403 2296 458 2355 elge
468 2291 515 2354 eet]
526 2285 687 2339 Pro'rerbium.
704 2291 752 2338 Gir.
765 2292 810 2337 oa.
820 2291 844 2345 3,
856 2291 893 2346 17,
904 2293 928 2345 9,
939 2294 1113 2356 inutili-alga.

167 2363 233 2422 virg.
246 2362 296 2408 Ecl.
305 2361 328 2416 7,
341 2361 379 2414 tr,
389 2357 494 2420 projecta
504 2359 571 2405 uilior
581 2359 682 2419 algae·
690 2353 812 2418 [Quando]
832 2357 967 2406 ‘Quoniam
977 2358 1030 2403 aine
1041 2359 1113 2419 longi

167 2429 291 2473 verborum
309 2426 454 2482 circuitione,
468 2423 604 2483 simpliciter
621 2430 645 2468 et
663 2429 750 2481 aperte,
765 2423 832 2468 nullo
845 2420 903 2467 falso
915 2422 1007 2482 pudore
1021 2425 1113 2470 abster-

166 2492 234 2544 ritus,
245 2497 407 2551 paupertatem
419 2488 570 2535 reformidare
581 2497 604 2533 te
616 2486 711 2533 stiterit.¹
718 2482 769 2547 -[
775 2482 876 2547 prinum]
890 2487 1045 2546 ‘proprium¹
1056 2489 1112 2534 hinc

162 2556 317 2616 priuilegium.
336 2554 398 2600 Gell.
417 2554 454 2608 16,
474 2554 513 2607 26,
536 2553 627 2599 Veteres
641 2554 725 2611 priva
740 2553 855 2606 dicerent,
872 2566 923 2612 qiua
939 2567 979 2598 nor
996 2555 1113 2614 ringeln

166 2623 270 2666 dicimur.
302 2619 341 2663 ‘Si
360 2618 418 2678 quid
434 2620 464 2664 ab
482 2617 557 2663 amico
573 2616 616 2662 tibi
636 2618 737 2662 donetur
753 2617 782 2661 ei
800 2616 867 2675 quari
884 2617 1018 2662 conditione
1036 2633 1113 2678 eoque

167 2683 271 2739 consilio,
289 2691 316 2729 ut
328 2690 353 2728 tu
365 2684 428 2729 solus
437 2697 464 2728 eo
475 2681 560 2737 fruare,
578 2696 627 2726 non
637 2681 697 2727 aliua
708 2680 801 2738 aliquia,
820 2680 972 2726 nibilominus
986 2689 1013 2727 tu
1024 2682 1114 2730 donato

166 2748 249 2795 rivin!
258 2775 289 2784 -
298 2744 409 2810 [devolet]
427 2745 488 2792 ‘cito
499 2745 639 2800 det‘eratur;¹
654 2745 792 2805 metaphora
802 2753 896 2805 sumpta
905 2759 920 2790 a
930 2746 1005 2792 turdo.

200 2812 302 2860 13-18,
321 2806 437 2874 [honoret]
457 2819 483 2856 ut
494 2811 539 2857 Od.
553 2810 574 2867 l,
587 2808 625 2866 17,
638 2810 675 2866 16,
689 2812 751 2856 rarie
761 2811 862 2865 ltonorer,
872 2808 977 2855 ‘fructae
987 2810 1071 2857 latos!
1079 2835 1112 2844 -

168 2877 241 2942 [Ante
252 2874 347 2938 Larem]
367 2876 383 2904 ‘⁴
391 2877 543 2924 Consuetudo
554 2876 605 2936 suit,
623 2884 649 2920 ut
659 2889 739 2920 rerum
751 2874 861 2934 primitiae
874 2874 911 2920 dis
923 2875 1022 2920 Laribus
1037 2890 1112 2934 poae-

164 2942 270 2990 rentur.”
300 2943 383 3003 Porplr.
391 2966 424 2976 -
443 2943 491 2990 eine
500 2937 581 3003 gente]
600 2940 648 2987 cte.
660 2941 719 3000 Top.
730 2938 754 2994 6,
768 2939 869 2986 Gentiles
884 2946 945 2993 rant,
959 2942 999 3000 qai
1013 2942 1076 2987 inter
1087 2955 1112 2988 ee

165 3011 240 3057 eodem
257 3008 344 3053 nomine
361 3013 414 3052 rant
446 3007 530 3062 Titius,
552 3005 712 3066 Sempronius,
731 3001 881 3063 Cornelius)r
901 3006 941 3065 qai
958 3005 989 3049 ab
1005 3007 1112 3066 ingnote

165 3074 257 3121 oriundi
268 3076 336 3117 runt.-
353 3086 446 3132 quorum
463 3069 574 3132 majorum
587 3086 650 3117 nemo
662 3072 792 3116 emicans·
804 3070 897 3116 eeroioit
904 3087 913 3123 ,·
929 3071 969 3129 qai
979 3072 1058 3130 capite
1067 3086 1111 3116 son

129 3139 131 3142 ’
164 3137 346 3186 mntdeminuti.
379 3137 395 3159 “
403 3135 551 3190 Libertinos,
569 3150 625 3181 nam
636 3135 687 3180 sine
698 3141 769 3193 gente
781 3133 910 3179 libertini.”
942 3134 1025 3180 Gom.
1039 3135 1111 3196 Graq.

164 3227 198 3238 —
206 3196 346 3266 [sagitient]
358 3200 436 3254 ‘olins‚
443 3214 496 3245 cum
505 3200 643 3247 servitutem
653 3195 896 3258 serviret'-[conree
904 3195 1014 3258 exterior]
1027 3199 1111 3245 ‘ainis-

165 3269 244 3324 terior,
260 3268 296 3312 ins
313 3265 397 3310 inietri
414 3272 480 3324 parte
496 3264 601 3324 positus!
624 3266 678 3311 Aer.
706 3262 1111 3318 Juven.3,131,1>tenatseemt

164 3335 252 3380 claudit
263 3333 324 3377 letne
339 3331 485 3389 ingenuorum
496 3329 587 3374 Filius:
606 3328 646 3374 ubi
666 3327 744 3374 Sobel.
761 3327 810 3372 “in
826 3327 923 3374 sinistri
940 3329 1110 3374 ambulat.”-

166 3395 243 3458 [Utne
261 3390 348 3457 tegam]
368 3393 478 3453 leprosi
493 3407 528 3438 or.
541 3394 630 3452 ‘egone
643 3400 670 3438 ut
680 3401 758 3451 tegam
767 3391 787 3435 l'
804 3391 899 3438 Terent.
910 3392 985 3438 Andr.
997 3391 1020 3447 l,
1031 3394 1056 3447 b,
1067 3393 1110 3446 26,

164 3461 224 3507 Eine
235 3476 275 3521 ego
285 3467 311 3507 ut
321 3459 485 3506 edoment-
493 3453 598 3517 [Dama]
617 3452 785 3520 (Δημόὸυρος,
796 3454 905 3518 Δημᾶς)
917 3457 1021 3502 'homiui
1038 3457 1110 3502 alicui

164 3524 242 3571 villae
253 3526 353 3585 perdito,
365 3523 458 3583 qualem
469 3529 496 3566 tu
506 3521 665 3581 descripsisti!
697 3521 751 3566 Non
762 3520 856 3566 videtur
866 3535 967 3581 persona
977 3528 1042 3567 certa
1056 3535 1110 3580 qna

166 3595 223 3635 tuuc
243 3589 268 3634 in
279 3589 337 3636 vivis
349 3588 429 3644 tuerit,
444 3587 486 3634 aed
503 3599 591 3632 nomen
608 3599 733 3632 commune
749 3585 852 3633 bominis
869 3586 960 3632 servilia
974 3585 1019 3632 loci
1036 3593 1111 3646 atque
