2442 4059
173 251 215 314 82
431 264 673 310 unrsronrnurr
695 265 763 310 nra.
780 267 804 310 r.
818 250 872 311 20.

177 416 299 495 Quodsi
314 440 376 482 non
392 417 462 482 odio
477 417 634 503 peccantis
647 416 762 504 desipit
774 439 884 504 augur,

180 506 279 569 Carus
294 504 354 568 eris
371 503 491 578 Romae,
508 502 606 568 donec
621 515 653 568 te
667 502 790 569 deseret
803 516 887 569 aetss.
1084 509 1122 569 10

180 590 398 655 Contrectatus
414 590 466 654 ubi
482 587 623 655 manibus
637 590 812 654 sordescere
827 587 914 677 vulgi

180 676 331 761 Coeperis,
347 688 400 739 aut
416 680 513 741 tineas
528 698 635 761 pasces
649 675 819 741 taciturnus
833 675 958 752 inertes,

180 764 247 826 Aut
261 762 363 847 fugies
380 760 515 839 Uticam,
531 775 586 826 aut
601 761 722 826 vinctus
736 761 868 827 mitteris
883 760 1029 826 Ilerdam.

180 847 311 912 Ridebit
325 848 457 912 monitor
471 870 534 911 non
550 847 732 923 exauditum
757 861 791 913 ut
804 847 857 911 ille

126 948 132 965 ‘
179 933 244 1009 Qui
262 934 340 997 mole
357 947 514 1019 parentem
529 932 560 997 in
576 956 670 1020 rupes
684 934 832 1019 protrusit
844 932 973 999 asellum
1085 936 1124 999 15

179 1019 300 1084 Iratus:
324 1020 393 1106 quis
408 1019 491 1083 enim
506 1018 637 1084 invitum
652 1041 774 1084 servare
790 1017 932 1084 laboret?

180 1104 253 1169 Hoc
267 1128 392 1192 quoque
407 1119 438 1170 te
454 1116 568 1182 manet,
586 1118 620 1169 ut
633 1129 746 1192 pueros
760 1105 915 1170 elementa
928 1106 1093 1171 docentem
1102 1099 1117 1117 ’“

180 1191 324 1277 Occupet
338 1191 484 1260 extremis
500 1190 531 1254 in
547 1190 624 1256 vicis
639 1192 729 1257 balba
742 1204 896 1257 senectus.

179 1276 288 1353 Quum
303 1277 360 1343 tibi
375 1278 419 1341 sol
437 1276 558 1363 tepidus
572 1278 677 1363 plures
690 1277 861 1343 admoverit
875 1300 974 1355 aures,

180 1363 238 1428 Me
255 1364 399 1428 libertino
414 1378 520 1429 natum
536 1376 634 1449 patre,
650 1364 728 1428 etin
743 1363 830 1428 tenui
846 1387 879 1428 re
1079 1367 1122 1427 20

179 1448 319 1536 Majores
333 1472 451 1535 pennas
465 1449 538 1513 nido
553 1449 730 1515 extendisse
744 1449 889 1536 loqueris,

181 1533 229 1599 Ut
243 1550 392 1621 quantum
408 1536 517 1622 generi
534 1535 648 1612 demas,
663 1535 828 1601 virtutibus
841 1536 956 1613 oddas3

180 1621 240 1685 Me
255 1621 362 1707 primis
377 1622 460 1689 urbis
477 1621 549 1688 belli
565 1621 716 1708 placuisse
730 1621 893 1707 domique3

181 1706 327 1792 Corporis
342 1708 459 1796 exigui,
475 1731 661 1794 praeconum,
677 1708 794 1773 solibus
806 1720 924 1794 aptum,

180 1792 274 1857 Irasci
289 1794 433 1871 celerem,
450 1807 552 1859 tamen
569 1807 603 1859 ut
618 1794 775 1881 placabilis
789 1816 899 1858 essem.
1079 1797 1121 1858 25

180 1877 274 1943 Forte
290 1902 392 1943 meum
407 1880 434 1943 si
449 1881 518 1965 quis
533 1894 564 1945 te
579 1880 811 1967 percontabitur
824 1900 935 1956 aevum,

179 1963 238 2028 Me
253 1979 362 2050 quater
378 1965 516 2030 undenos
530 1966 607 2031 sciat
621 1966 798 2052 implevisse
814 1965 1016 2043 Decembres,

179 2050 341 2139 Collegam
357 2052 512 2139 Lepidum
528 2075 591 2139 quo
605 2052 696 2118 duxit
710 2052 832 2118 Lollius
846 2074 936 2117 anno.
