2442 4059
133 221 195 288 140
457 219 741 272 tarantasmum.
1003 219 1074 288 [ιιι.

130 385 210 423 autem
225 373 322 434 scriptor
338 381 415 432 partes
429 373 546 421 interdum
564 376 679 422 sustinere
695 376 766 422 debet
779 376 879 423 rhetoris
888 390 906 421 a
917 375 1017 423 oratoris
1027 379 1077 423 lec-

132 450 207 488 torem
223 441 254 486 ad
271 440 382 485 virtatem
401 441 546 486 exhortantis
563 440 733 500 hominumque
752 440 809 486 vitia
824 441 907 486 acriter
925 442 1077 500 exagitantis,

133 507 218 567 saepius
237 519 292 550 vero
311 512 392 564 pasta,
411 501 482 550 modo'
498 506 601 552 actiones
617 505 727 552 ridiculas
745 505 905 561 describentis,
926 515 952 551 ut
971 515 1009 552 est
1028 506 1079 552 Iter

133 569 318 625 Brundusinam,
334 569 492 628 Importunas,
507 569 656 630 Colloquiam
671 585 725 617 cum
737 571 856 628 Trebatio,
872 571 942 616 modo
960 571 1036 617 malos
1052 581 1079 618 et

132 635 227 682 vitiosos
238 635 298 680 salse
308 634 451 680 deridentis!

167 699 268 746 13—15.
287 694 394 759 [urbaai]
412 697 537 759 Ἥρωος,
551 714 646 746 omnem
661 699 824 746 scurrilitatem
841 700 898 745 scite
913 699 1040 746 devitastis
1051 713 1080 745 sc

133 773 229 825 propter
244 765 269 809 id
284 764 370 822 ipsum,
387 777 460 822 quum
476 765 550 810 multo
566 765 643 811 scrius
652 765 861 822 vehementiusque
877 765 904 810 in
920 763 978 810 vitis
996 764 1079 810 invehi

134 839 220 889 posset,
230 828 334 889 proprias
344 829 404 874 vires
415 830 572 885 extenuantis,
583 829 616 876 sic
627 839 713 884 nmen,
725 837 752 874 ut
761 831 872 875 lectorem
884 829 982 874 minime
991 828 1077 887 fugiat,

135 908 183 940 non
193 893 283 952 ingenii
293 892 381 953 inopii,
397 892 439 939 sed
453 893 533 939 dedita
543 895 616 953 operi
629 903 722 954 poetam
732 893 766 940 its
776 893 820 939 sibi
830 894 978 938 moderatum
989 909 1042 940 esse
1052 907 1082 940 sc

135 959 209 1004 veluti
220 958 297 1003 frenos
307 957 452 1018 imposuisse,
468 967 495 1003 ut
506 973 536 1002 ne
547 959 619 1004 nimis
629 961 723 1019 Jocosus
737 967 762 1004 et
776 958 904 1003 scurriliter
914 959 1013 1004 mordax
1023 973 1080 1004 era·

136 1019 352 1083 ἀετοῦ-[εοεαε]
375 1021 486 1078 ‘dirimit,
507 1022 610 1070 decidit’
636 1024 675 1069 Sic
694 1024 738 1082 Ep.
760 1022 782 1079 l,
806 1022 844 1077 16,
865 1022 905 1076 40,
930 1024 980 1072 Qua
1001 1026 1080 1070 sidia

135 1103 266 1150 magnaque
284 1095 390 1134 secantur
403 1085 486 1146 judice
506 1089 568 1134 lites.
601 1088 755 1134 ‘Ridiculum
773 1101 836 1146 sape
854 1088 929 1146 magis
947 1097 1081 1134 commovet

135 1152 244 1199 homines
260 1165 331 1212 quarn
347 1153 424 1212 gravis
439 1165 466 1197 aa
482 1152 543 1198 seris
559 1153 699 1200 declamatio
716 1153 787 1198 etiam
805 1152 831 1198 in
846 1155 916 1198 rebus
930 1152 1012 1212 magni
1028 1167 1080 1199 mo·

136 1217 227 1264 utenti!

171 1281 273 1329 10-19.
291 1276 411 1341 [comoedia
434 1277 525 1342 priam]
556 1282 604 1328 Sat.
627 1280 649 1337 l,
670 1281 695 1340 4,
717 1281 740 1336 l,
760 1281 857 1341 Eupolis
877 1289 946 1342 atque
969 1281 1081 1328 Cratinus

136 1347 344 1407 Aristophanesque
359 1351 476 1405 puta-
486 1343 602 1406 [suant]
620 1348 731 1407 ‘propter
747 1345 800 1392 illas
812 1346 910 1392 virtutes
919 1345 979 1391 adeo
993 1347 1081 1406 populo

137 1411 268 1472 placebant,
284 1419 311 1456 ut
324 1412 353 1457 ab
368 1410 436 1456 initio
452 1425 526 1469 usque
543 1412 573 1457 ad
589 1410 661 1457 finem
675 1413 783 1472 plausum
797 1410 900 1465 ferrent3
917 1419 988 1469 atque
1008 1411 1082 1457 etiam

138 1490 202 1522 nunc
211 1490 252 1521 eos
263 1489 305 1520 nos
316 1475 475 1528 admiramur;
491 1474 535 1521 etsi
549 1475 682 1536 pulchellus
695 1476 735 1521 ille
751 1485 776 1522 et
791 1475 903 1521 delicatus
919 1476 1082 1534 liermogenes

140 1540 253 1601 Tigellius
272 1537 331 1600 (Sat.
349 1539 372 1595 l,
392 1540 415 1594 4,
434 1539 475 1594 72.
496 1539 516 1597 l,
534 1541 558 1595 9,
576 1540 629 1599 25,)
648 1554 770 1600 nunquam
788 1541 831 1585 bos
849 1540 923 1598 legit'
956 1540 981 1586 is
1000 1540 1081 1598 igitur,

137 1606 183 1652 etsi
201 1604 288 1650 facetus
310 1619 361 1650 esse
380 1605 495 1658 studebat,
514 1619 570 1651 vera
587 1605 723 1651 facetiarum
743 1605 885 1664 exemplaria
906 1604 1083 1664 negligebat.—

139 1667 231 1731 [simius
241 1665 297 1730 ists]
309 1669 469 1729 vel,‘ineptus
480 1669 574 1728 Tigellii
590 1669 708 1716 imitator'
725 1670 769 1725 vel,
784 1678 811 1714 at
827 1677 923 1714 narrant
938 1669 1083 1724 Scholiasta,

139 1738 248 1794 ‘propter
258 1733 386 1780 deformem
397 1747 424 1780 ac
435 1735 529 1779 brevem
541 1735 711 1781 staturam.'-
718 1734 754 1780 De
766 1735 793 1780 0.
805 1733 897 1780 Licinio
906 1734 980 1780 Calvo
989 1743 1082 1780 oratore

138 1807 164 1846 et
173 1799 250 1858 poeti,
263 1797 350 1844 Catulli
360 1797 442 1852 amico,
453 1800 595 1857 praematuri
604 1807 679 1845 morte
690 1799 782 1845 circiter
792 1811 818 1845 a.
829 1811 854 1844 a.
865 1811 887 1844 c.
899 1797 948 1852 700
958 1799 1083 1855 exstincto,

139 1862 180 1912 cfr.
193 1862 396 1916 Weicbert,1’oet.
408 1862 458 1908 Lat
471 1876 494 1921 p.
505 1863 544 1910 09.

172 1927 214 1987 20,
225 1927 264 1973 21.
283 1923 379 1988 [Gracc
388 1923 495 1986 Latinis]
513 1928 623 1973 Placebat
631 1927 704 1987 igitur
713 1927 833 1974 nonnullis
844 1927 937 1973 Horatii
944 1926 1081 1987 equalibus

139 1991 225 2039 vitiosa
235 1992 274 2037 illa
285 1991 428 2037 consuetudo
439 1993 509 2037 rerba
519 1992 609 2048 Graeca,
626 1992 745 2038 interdum
755 1992 828 2038 ctiam
841 1992 945 2050 integros
956 1991 1084 2038 versiculos

142 2057 233 2104 latinis
248 2055 431 2111 intermiscendi,
448 2055 488 2114 qui
505 2070 556 2101 mos
571 2055 596 2100 in
613 2057 717 2116 epistolis
734 2057 858 2103 dumtaxat
875 2056 1029 2102 familiaribus
1047 2056 1085 2102 illi

140 2122 276 2169 tolerandus
286 2117 497 2181 videbature-[O
507 2123 553 2168 seri
562 2117 702 2182 studiorum]
725 2121 778 2168 lloc
792 2122 844 2181 ipso
858 2129 907 2167 tam
921 2135 1031 2180 perverso
1042 2123 1085 2180 ju·

141 2187 203 2234 dicio
220 2187 275 2233 satis
293 2186 332 2232 isti
349 2186 540 2232 demonstrabant
559 2199 612 2232 sero
629 2200 655 2232 se
673 2185 788 2246 incepisse
804 2186 887 2232 litteris
905 2200 1001 2245 operam
1019 2187 1085 2232 dare.

141 2248 280 2314 Ὀψιμαθία
291 2260 369 2298 autem
381 2250 469 2311 optimo
474 2251 529 2310 Jure
539 2247 643 2309 antiquis
655 2265 767 2310 perquam
778 2251 876 2296 ridicula
886 2250 1017 2297 videbatur.
1035 2249 1084 2296 cfr.

143 2318 261 2378 Theopbr.
273 2318 343 2363 Char.
354 2315 393 2370 27.
411 2315 459 2362 cic,
475 2316 504 2361 ad
520 2315 585 2361 Fam.
596 2315 621 2367 9,
637 2315 676 2372 20,
692 2311 826 2378 ὀψιμαθεῖς
843 2317 942 2362 tantm
957 2317 1003 2361 scis
1017 2320 1087 2376 quasi

141 2383 262 2429 insolentes
276 2377 458 2442 siat-[quius
471 2377 569 2441 putetis]
587 2381 735 2426 constructio
750 2389 868 2426 contracta
884 2395 914 2426 ex
931 2379 984 2434 hiss
1002 2383 1087 2440 ‘pata-

143 2448 227 2494 tisrtef’
239 2455 270 2501 et,
281 2449 288 2471 ⁶
312 2447 336 2492 ai
345 2445 453 2506 putetiss'
471 2447 534 2492 ‘hoto
544 2445 611 2492 could
620 2461 665 2506 you
675 2444 799 2506 insagiael’

174 2509 277 2556 22-24.
295 2462 459 2570 {Pitholeonti}
477 2510 561 2556 liberto
578 2509 610 2556 Μ.
626 2510 727 2565 Otacilii,
745 2510 808 2556 unde
824 2509 944 2555 ldacrobio
960 2510 1009 2554 Sat·
1027 2511 1051 2562 2,
1061 2507 1087 2563 2,

143 2573 228 2621 dicitur
246 2575 280 2620 M.
302 2575 413 2620 Otacilius
431 2575 551 2622 Pithaiaus
573 2570 736 2630 (Πειθόλαος,
754 2568 903 2633 Πειθόλεώς,
919 2570 1089 2632 nesolius).

143 2641 209 2686 Suet.
222 2639 280 2684 Cres.
292 2638 331 2695 75,
346 2640 447 2686 Pitholai
458 2641 594 2686 carminibus
605 2641 822 2686 maledicentissimis
833 2641 957 2686 mactare
966 2642 1087 2685 esists'aa·

144 2706 224 2751 mnam
243 2705 306 2750 civili
320 2706 398 2754 -aairao
416 2701 675 2766 tulit-[coaciam]
692 2708 800 2763 ‘gratum
821 2704 847 2748 in
867 2705 963 2749 modum
982 2703 1087 2749 mistus!

144 2768 204 2816 chio
215 2767 278 2813 enim
290 2769 344 2814 vino
355 2768 425 2824 dulci,
436 2769 474 2814 cui
485 2784 547 2829 aqua
558 2769 651 2815 marina
662 2784 709 2815 non
720 2768 857 2821 addebatur,
874 2769 992 2814 interdum
1003 2769 1088 2814 misce-

143 2835 201 2880 bant
210 2831 335 2878 Falernum
347 2843 473 2891 austerum,
482 2835 546 2880 unde
556 2843 683 2894 utrumque
693 2848 754 2894 sepe
765 2833 915 2894 conjungitur
926 2833 988 2893 apud
998 2842 1090 2892 poetas.

143 2921 176 2934 ·-
186 2894 263 2958 [nota]
281 2897 342 2942 ‘vini
354 2913 429 2958 genas
439 2898 508 2944 titulo
519 2899 639 2960 amphora
648 2898 793 2944 indicatum!

176 2963 216 3011 26.
234 2958 316 3022 [causa
333 2960 425 3023 Petilli]
450 2964 545 3013 ‘Quum
556 2979 626 3010 causa
643 2964 722 3022 aliqua
737 2963 871 3022 peragenda
888 2970 924 3008 est
941 2961 1042 3008 diflicilia
1061 2975 1090 3008 ac

143 3043 211 3088 paene
222 3028 351 3086 desperata,
363 3029 492 3087 cujusmodi
508 3028 553 3074 fuit
565 3029 650 3074 Petillii
662 3025 790 3088 Capitolini
802 3028 831 3072 de
841 3026 904 3072 furto
920 3041 1011 3072 coronse
1022 3026 1089 3073 iovis

144 3093 170 3139 in
177 3092 293 3154 judicium
305 3091 395 3136 vocati!
429 3093 478 3138 Sat.
490 3093 511 3149 l,
523 3093 546 3148 d,
558 3094 596 3142 ut.
617 3094 662 3139 liic
677 3106 791 3138 mnenon
808 3092 878 3137 nimis
889 3091 1018 3137 honorifice
1029 3091 1091 3137 durs

145 3159 195 3218 ejus
210 3156 310 3203 bominis
323 3169 393 3202 causa
404 3156 497 3203 dicitur.
515 3155 542 3218 (“
551 3157 657 3217 Maligae
670 3160 748 3210 duras
765 3171 820 3202 nam
836 3159 866 3202 ab
877 3155 1006 3202 Octaviano
1020 3158 1091 3202 abso·

144 3223 210 3268 lutus
219 3222 277 3268 est.”
294 3218 380 3279 Sahal.)

177 3286 280 3342 27-30.
302 3284 409 3348 [Scilicet
427 3284 655 3347 oblitas-Latiae]
678 3287 775 3336 ‘Quum
796 3284 980 3342 praestantissimi
1003 3293 1091 3330 nostre

145 3352 220 3398 aetatis
230 3360 333 3398 oratores
345 3350 429 3397 Pedius
440 3357 464 3396 et
476 3350 589 3396 Messala'
601 3350 672 3409 (quos
682 3347 710 3397 iu
721 3345 825 3413 παρόδῳ
839 3349 981 3395 dexterrime
996 3347 1090 3408 laudat)

145 3414 187 3461 ¹‘ln
198 3430 226 3462 eo
237 3432 329 3463 summo
340 3429 409 3476 opere
420 3415 548 3468 elaborent,
566 3423 593 3459 ut
604 3429 663 3474 puro
678 3423 749 3474 atque
764 3415 865 3473 eleganti
884 3427 991 3460 sermone
1004 3412 1091 3459 Latine

144 3492 226 3524 causas
237 3491 315 3539 agant,
335 3489 391 3527 tune
402 3479 487 3527 oblitus
499 3489 521 3526 te
534 3480 668 3525 Romanum
679 3493 740 3536 esse,
759 3479 827 3526 malis
842 3479 913 3524 etiam
924 3479 987 3538 apud
998 3477 1092 3536 Judioes

146 3545 217 3588 verba
233 3547 356 3605 peregrina
372 3545 453 3606 patriis
470 3543 620 3590 immisceret
647 3544 713 3589 Adeo
730 3545 815 3589 stultus
832 3552 894 3590 certe
906 3543 945 3588 vix
962 3542 1016 3597 eris,
1034 3556 1092 3588 nam

146 3617 292 3668 comparatus
308 3625 361 3658 cum
379 3609 433 3667 illis,
452 3613 481 3657 ab
498 3609 607 3656 omnibus
626 3606 939 3671 exploderere.’—[patria
953 3603 1090 3670 patrisque]
