2442 4059
193 269 258 336 288
518 269 796 320 suessionensem.
1037 270 1138 336 [mer.

193 421 403 481 contemplantibus
421 418 700 483 apparet.'-[Doctan]
717 422 772 481 ‘qui
791 421 835 467 arti
850 420 1136 487 irrisoriae-[eim]

194 488 202 512 ‘
209 503 260 547 quae
272 484 305 533 τὰ
315 484 366 543 ἢθη
377 483 417 531 rol
430 483 499 544 πάθη
512 496 573 533 recte
585 497 655 546 atque
666 488 767 533 dilucide
778 487 920 547 exprimunt,
930 502 985 533 vere
996 489 1137 535 naturales)

226 551 359 599 ala-322.
378 546 489 611 [speciosa
503 549 568 612 heir]
595 553 669 598 ‘locis
687 553 848 598 communibus
870 552 931 610 (Cic.
952 553 1019 598 Brut.
1038 553 1079 608 12,
1096 554 1138 601 46.

195 616 258 663 Orat.
269 616 308 671 ³3,
321 613 385 675 tta),
402 609 497 677 ῥήσεσι,
507 618 592 675 quibus
603 616 684 662 insunt
694 617 791 679 γνῶμαι
803 616 922 662 evidentid
937 619 980 663 sua
995 633 1023 663 ac
1035 620 1137 664 veritate

193 680 321 727 allicientes
338 688 361 726 et
378 682 549 738 permulcentee
570 682 703 727 auditorum
725 677 998 743 animon'—[nroroto]
1023 684 1066 727 ‘in
1086 686 1138 741 qud

193 760 269 791 mores
288 745 433 803 singularum
451 759 602 804 personarum
621 746 709 806 optime
730 746 911 804 exprimuntur.¹
934 745 1137 809 Aen—[naga-

193 807 248 872 qne]
266 811 361 855 ‘versus
372 809 441 864 leves,
461 811 524 868 quod
542 811 571 856 ad
587 811 714 857 sententias
725 811 834 870 pertinet,
851 811 1002 869 quantumvis
1013 813 1137 858 numerosi

193 874 321 922 ocsonon!
1063 916 1067 921 .

225 938 281 993 323,
293 938 348 985 324.
366 934 461 999 [Gruir]
480 940 598 995 ‘Verum’
618 938 703 998 inquit,
722 939 838 985 ‘maximo
856 939 1026 998 impedimento
1042 940 1136 987 Latinas

192 1004 257 1064 poesi
269 1011 303 1049 est
314 1004 364 1062 ipsa
376 1004 661 1050 Romanorum-educatio.
684 1005 744 1050 Sane
753 1003 828 1049 Graeci
841 1004 875 1048 illi
886 1005 974 1063 antiqui
987 1007 1018 1050 ab
1028 1006 1136 1051 Homero

193 1083 267 1127 usque
284 1068 314 1113 ad
329 1068 486 1114 Menandrum
503 1068 527 1114 in
543 1070 652 1115 omnibus
668 1068 704 1124 iis,
719 1082 771 1127 qun
787 1070 817 1114 ud
832 1069 912 1128 poesin
927 1078 1043 1128 spectant,
1063 1071 1135 1128 longe

193 1135 260 1179 nobis
272 1133 385 1179 feliciores
396 1132 498 1184 suerunt,
511 1133 597 1193 quippe
609 1134 694 1193 quibus
705 1145 788 1179 natura
799 1133 850 1193 ipsa
860 1133 982 1193 ingenium
990 1148 1047 1179 vere
1059 1135 1136 1193 poeti·

193 1213 247 1244 cum
267 1205 292 1243 et
310 1197 444 1243 facilitatem
467 1198 538 1243 etiam
558 1198 689 1244 reconditos
711 1198 783 1244 animi
805 1212 886 1243 sensus
906 1198 964 1244 scite
982 1199 1134 1259 exprimendi

193 1263 278 1322 largita
288 1264 325 1308 sit
359 1262 442 1322 Neque
453 1276 508 1309 vero
519 1263 570 1308 illos
585 1264 656 1308 ullius
670 1262 729 1308 alius
744 1262 778 1308 rei
790 1277 859 1321 quarn
871 1276 932 1307 rerae
942 1264 1024 1322 glorier
1034 1264 1134 1323 cupidos
1200 1277 1201 1296 ¹

192 1327 263 1374 fuisse
275 1328 394 1373 videmus:
413 1334 491 1373 nostra
502 1341 610 1386 perversa
627 1327 733 1373 educatio
747 1335 849 1385 qnaestus
865 1334 920 1373 unte
937 1328 1018 1373 omnia
1032 1338 1057 1374 et
1074 1329 1134 1375 lucri
1200 1369 1201 1376 ,

192 1393 297 1439 studium
309 1392 392 1438 animia
403 1392 526 1445 instillans,
538 1392 585 1437 vim
596 1393 710 1451 poeticam
721 1386 827 1437 debilitat
837 1400 907 1451 atque
917 1392 1042 1451 infringit!
1061 1394 1133 1439 Simi-
1200 1379 1201 1436 Ῐ

192 1456 221 1503 lis
236 1466 272 1503 est
287 1458 350 1504 locus
361 1457 421 1516 Epp.
434 1457 458 1516 2,
470 1457 491 1513 1,
502 1456 579 1503 93.-
588 1457 639 1514 [ore
655 1454 761 1517 rotando]
780 1454 845 1507 “Tri
854 1452 1016 1519 στρογγύλον
1027 1458 1132 1504 rhetores

193 1523 270 1567 Graeci
281 1522 306 1567 in
317 1535 402 1581 genere
414 1521 532 1577 dixerunt,
549 1521 665 1581 quidquid
676 1521 751 1567 verbis
766 1529 790 1567 et
804 1522 925 1566 sententiis
937 1522 970 1567 ita
981 1523 1131 1568 enuntiatum

193 1595 262 1645 esset,
272 1593 300 1631 ut
310 1586 334 1631 in
346 1600 426 1631 eorum
439 1585 513 1631 sormi
523 1585 676 1640 concinnitas,
686 1586 802 1644 elegantia
812 1598 836 1631 et
846 1585 971 1631 artificium
982 1587 1131 1647 appareret!

192 1674 226 1686 —-
234 1649 335 1712 [prater
345 1645 446 1710 laudem]
467 1651 550 1696 ‘unius
560 1650 637 1696 laudis
648 1650 799 1709 appetentes!

225 1715 359 1762 aas-³32.
373 1711 476 1776 [portes]
489 1714 620 1771 fractiones,
624 1712 784 1774 stertim—
793 1711 887 1776 [Dicat]
907 1714 934 1760 Iu
946 1714 1030 1761 ludum
1040 1716 1131 1763 littera·

190 1778 255 1831 rium
267 1794 308 1825 nos
321 1780 414 1825 deducit
425 1789 502 1839 poeta,
511 1779 549 1824 ubi
560 1779 713 1826 ratiocinandi
724 1787 798 1825 artem
809 1794 850 1839 pro
861 1781 924 1839 poesi
936 1781 1003 1826 docet
1012 1782 1130 1839 magister.

193 1840 337 1905 -—[Albr'ni]
359 1848 464 1890 “nomen
481 1843 617 1889 feneratoris
627 1843 716 1889 marie·
734 1845 815 1891 comm.
829 1845 907 1890 Cn-
917 1841 1037 1905 [πειραταὶ]
1058 1846 1130 1893 codd.

193 1910 240 1955 mei
257 1924 310 1954 cum
328 1908 431 1955 Monacc.
443 1918 466 1954 et
476 1908 580 1954 Pottierii
593 1910 709 1954 omnibus.
741 1908 802 1955 Saue
812 1909 885 1955 oratio
896 1916 960 1955 recta
970 1910 1086 1956 efficacior
1094 1918 1130 1957 est

193 1988 264 2033 qnam
276 1973 482 2032 conjunctivus—
492 1970 599 2035 [Poteras
610 1970 706 2035 dixisse]
725 1974 802 2021 Verba
811 1973 860 2019 haec
871 1980 925 2018 sunt
934 1974 1049 2032 magistri,
1059 1975 1128 2021 disei-

192 2039 275 2099 pulum
286 2052 331 2084 non
345 2047 391 2083 tem
403 2038 556 2097 corripientis,
568 2039 630 2097 quod
639 2039 779 2085 tardiuscule
787 2039 932 2097 respondeat,
942 2053 1015 2097 quam
1023 2040 1129 2085 cumleui

193 2099 304 2166 ripatorio
322 2101 452 2158 excitantis,
468 2116 539 2161 quum
558 2112 635 2149 certus
650 2103 681 2148 sit
698 2103 808 2162 mugister
821 2117 919 2162 puerum
933 2104 997 2148 illico
1007 2113 1070 2149 recte
1079 2119 1129 2150 esso

193 2182 367 2228 responsurum.
379 2168 443 2213 Bene
452 2167 522 2213 Voss:
539 2168 611 2223 Come,
619 2169 688 2227 rpealr
696 2175 741 2224 out,
752 2165 1051 2229 premonet-[Trim]
1062 2169 1129 2215 tertia

192 2247 246 2293 pers
258 2233 323 2287 assis,
334 2233 358 2278 id
369 2241 411 2287 est,
428 2240 526 2291 quatuor
537 2231 658 2277 unciae.-
667 2230 762 2293 [most]
780 2234 875 2278 ‘contra
891 2232 909 2276 si
926 2233 957 2277 ad
975 2234 1127 2291 quincuncem

193 2297 287 2343 additur
299 2297 375 2349 uncia,
391 2297 418 2342 iit
429 2298 506 2349 semia,
523 2297 622 2342 dimidia
632 2312 685 2357 pars
696 2297 752 2342 assis
762 2296 810 2342 sive
821 2312 862 2342 sex
874 2297 1004 2341 uncial—
1014 2293 1060 2358 [Ar
1070 2294 1126 2358 lec]

194 2362 232 2407 Sic
244 2372 305 2407 recte
317 2362 418 2421 erumpit
436 2362 553 2407 liberrima
564 2361 702 2419 indignatio.
736 2363 773 2408 An
790 2362 917 2407 dubitantis
935 2370 1004 2415 esset,
1021 2363 1064 2408 sed
1079 2363 1128 2407 sine

193 2427 271 2472 causd.
278 2452 309 2461 —
318 2423 419 2487 [erugo]
432 2426 550 2480 'avaritia
562 2441 614 2485 quae
625 2426 686 2472 rodit
697 2426 788 2472 animos
798 2436 869 2485 atque
878 2435 997 2480 extenuat,
1014 2435 1042 2472 ut
1051 2442 1128 2485 aerugo

193 2491 241 2538 ses?
275 2492 362 2537 Seneca
373 2491 418 2550 Ep.
430 2489 453 2544 7,
473 2491 590 2551 Malignur
600 2506 671 2537 coner
679 2494 779 2551 quanvis
789 2492 884 2537 candido
894 2506 921 2537 ac
930 2492 1030 2550 simplici
1042 2494 1127 2552 rubigi-

193 2571 242 2601 nem
253 2571 315 2601 suom
330 2552 485 2615 odsricuit.-
493 2552 596 2617 [peculi]
614 2563 640 2601 ut
652 2556 716 2614 Virg,
729 2556 780 2601 Ecl.
793 2555 814 2609 1,
826 2555 864 2610 33,
882 2556 910 2599 de
922 2556 1022 2614 pecuniis
1036 2557 1127 2616 proprii

193 2620 310 2666 industria
325 2635 351 2666 ac
368 2619 511 2680 parcimonie
526 2622 599 2680 parti.
608 2644 641 2653 -
650 2616 754 2681 [linenda
767 2616 845 2680 cedro]
863 2620 933 2665 cedri
948 2620 1000 2665 oleo
1018 2630 1127 2680 peruncta

193 2684 302 2730 materies
314 2699 357 2730 nec
372 2685 460 2731 tineam
477 2700 518 2731 nec
532 2685 617 2731 cariem
633 2685 713 2742 sentit,
730 2693 756 2730 ut
774 2686 842 2731 docet
859 2685 947 2729 Plinius
960 2684 998 2739 16,
1008 2684 1048 2731 88.
1069 2686 1126 2732 “ux

194 2749 328 2808 cupressino
340 2758 418 2794 autem
430 2749 493 2808 ligno
504 2749 585 2796 confici
597 2750 701 2795 solebant
713 2751 820 2809 capsulre,
829 2750 854 2795 in
863 2750 946 2808 quibus
956 2752 1127 2809 reponebantur

194 2813 280 2871 scripta
291 2822 413 2872 poetarum
425 2824 504 2859 contre
516 2814 615 2860 tineas.”
634 2814 713 2861 Conni.
727 2815 764 2859 Cr.

226 2876 279 2931 337.
300 2874 383 2937 [Omne
404 2875 576 2939 supervacuum]
602 2877 653 2925 ‘Ut
675 2880 704 2924 de
725 2893 779 2924 vase
796 2879 847 2937 Jam
866 2878 936 2937 pleno
954 2892 1018 2937 aqua
1035 2878 1126 2939 insuper

194 2943 269 2988 affusa
280 2942 369 2998 defluit,
384 2942 416 2988 its
428 2942 532 2989 animum
543 2952 660 3003 precepto
675 2943 754 3003 aliquo
768 2945 818 3003 jem
829 2942 958 3002 impletum,
973 2943 1062 2997 omnia,
1077 2959 1125 3003 qua

194 3016 308 3068 proterea
329 3007 455 3062 adduntur,
476 3008 562 3069 quippe
583 3022 764 3068 supervacanee,
785 3022 832 3053 nou
850 3016 957 3066 tangunt,
978 3008 1022 3053 sed
1038 3008 1125 3055 fastidio

194 3071 315 3119 afficiunt!

226 3135 361 3184 ata-340.
379 3131 497 3196 [proxima
513 3133 584 3197 ueris]
602 3138 654 3182 “ne
670 3137 770 3183 laedatur
785 3135 869 3183 veritas
884 3133 1002 3196 (Illasion)
1017 3125 1125 3195 poitieffl

197 3201 292 3248 Aristot.
306 3202 368 3247 Poet
380 3200 418 3251 25.
431 3198 496 3261 πρὸς
511 3198 560 3258 τὴν
579 3198 682 3259 ποίησιν
697 3195 857 3265 αἱρετώτερον
874 3197 986 3247 πιθανὸν
1002 3196 1124 3248 ἀδύνατον

196 3262 353 3325 ἣᾰπίθανον
365 3264 405 3311 rol
420 3259 537 3311 δυνατόν.
545 3291 577 3299 -
586 3262 697 3326 [Μία]
715 3266 823 3312 “Lamia
836 3275 871 3312 est
886 3274 1016 3310 monstrum
1031 3280 1124 3325 superne

195 3330 284 3379 habens
294 3331 393 3391 speciem
403 3329 516 3384 mulieris,
522 3330 614 3377 inferne
625 3344 679 3377 vero
690 3331 775 3376 desinit
787 3332 811 3376 in
824 3330 893 3391 pedes
904 3329 1030 3375 asininoa.”
1049 3332 1122 3377 Con.

197 3398 236 3443 Cr.
255 3396 299 3441 11ae
319 3396 456 3441 dicebantur
473 3408 555 3454 pueros
571 3396 607 3440 vel
625 3396 735 3441 devorare
751 3396 787 3441 vel
806 3409 885 3441 eorum
903 3394 1041 3452 sanguinem
1060 3410 1122 3441 exsu-

195 3474 266 3520 gem
290 3462 352 3505 unde
375 3468 401 3506 ut
419 3460 523 3518 Empusa
542 3474 569 3505 no
589 3460 680 3505 Mormo
700 3460 825 3505 infantium
846 3458 1035 3505 terriculamenta
1055 3469 1120 3507 eruut
1170 3471 1174 3479 ·

197 3524 320 3571 ‘Ridicule
330 3532 408 3570 autem
418 3539 516 3585 pranso,
528 3525 593 3583 quasi
606 3539 661 3571 vero
671 3525 715 3571 hoc
725 3525 829 3584 quotidie
839 3522 920 3569 fieret!
939 3523 1009 3568 Glorr.

227 3587 361 3634 art-346.
379 3585 641 3650 [centurionatum]
657 3590 685 3635 ln
694 3589 804 3636 classibus
815 3605 829 3635 a
839 3588 918 3635 Servio
928 3588 1006 3633 Tullio
1017 3588 1119 3636 institutis
