2442 4059
401 286 601 331 snrrnrnuru
624 286 691 331 cra.
708 288 731 331 1.
747 272 778 333 5.

502 489 623 534 SATIRA
645 491 674 534 V·

122 604 289 693 Egressum
304 606 417 693 magnai
433 628 482 669 me
497 606 622 691 excepit
636 605 743 669 Aricia
759 604 861 671 Romd

124 691 268 778 Hospitio
282 693 419 767 modico;
442 692 546 755 rhetor
561 714 663 757 comes
679 691 876 769 Heliodorus,

122 778 301 842 Graecorum
316 779 408 879 longe
424 778 627 843 doctissimus.
672 776 750 841 Inde
768 778 881 842 Forum
900 779 994 866 Appi,

121 862 289 930 Differtum
304 879 414 941 nautis,
432 863 621 950 cauponibus
635 874 729 949 atque
745 864 896 951 malignis.

121 948 193 1013 Hoc
207 950 266 1015 iter
280 950 386 1036 ignavi
401 950 568 1026 divisimus,
585 949 677 1014 altius
691 972 727 1013 ac
742 972 798 1015 nos
1035 957 1055 1015 5

121 1033 299 1100 Pracinctis
315 1059 426 1100 unum:
450 1036 541 1099 nimis
556 1047 604 1100 est
617 1037 719 1122 gravis
734 1035 840 1121 Appia
854 1037 956 1101 tardis.

121 1120 185 1185 Hic
199 1144 268 1208 ego,
284 1134 410 1207 propter
423 1144 545 1207 aquam,
562 1121 644 1207 quod
661 1134 727 1185 erat
741 1122 907 1200 teterrima,
924 1124 1025 1188 ventri

120 1206 229 1271 Indico
245 1207 368 1280 bellum,
386 1222 541 1272 coenantes
556 1207 637 1272 band
652 1207 755 1271 animo
769 1230 858 1293 aequo

121 1290 186 1357 Exs
209 1305 312 1358 ectans
328 1294 464 1358 comites.
508 1293 579 1358 Jam
594 1316 656 1358 nox
671 1293 817 1357 inducere
833 1294 921 1359 terris

121 1316 265 1455 Umbras,
282 1393 314 1444 et
328 1379 405 1443 coelo
420 1379 591 1444 diffundere.
606 1380 696 1465 signa
710 1380 851 1465 parabat:
1016 1384 1054 1444 10

54 1506 62 1528 ,
120 1464 204 1529 Tum
220 1466 308 1551 pueri
323 1466 553 1552 nautis,pueris
569 1466 707 1529 convicia
722 1478 823 1530 nautae

120 1550 278 1637 Ingerere.
326 1551 399 1616 Huc
412 1551 544 1638 appelle.
582 1552 754 1616 Trecentos
769 1550 897 1617 inseris!
921 1551 999 1618 ohe!

117 1636 189 1701 Jam
204 1638 277 1702 satis
292 1650 347 1702 est.
392 1638 479 1701 Dum
494 1660 536 1703 aes
551 1638 697 1724 exigitur,
713 1636 786 1700 dum
800 1638 885 1701 mula
898 1638 1021 1725 ligatur,

120 1722 204 1788 Tota
217 1723 282 1787 abit
297 1723 379 1787 hora.
425 1723 505 1788 Mali
521 1724 634 1787 culices
650 1745 794 1809 ranaeque
810 1722 960 1808 palustres

119 1810 278 1873 Avertunt
291 1832 421 1874 somnos.
467 1811 639 1874 Absentem
656 1822 690 1873 ut
705 1821 808 1874 cantat
821 1810 951 1875 amicam
1015 1814 1054 1874 15

119 1893 225 1959 Multa
241 1896 380 1980 prolutus
395 1898 495 1981 vapplr
510 1910 602 1960 nauta
616 1909 711 1980 atque
725 1895 824 1959 viator

118 1978 280 2059 Certatim,
298 1982 421 2046 tandem
436 1982 533 2045 fessus
548 1982 681 2046 dormire
696 1981 794 2045 viator

117 2064 244 2152 Incipit,
260 2091 296 2131 ac
312 2067 411 2132 missae
425 2081 546 2153 pastum
562 2066 729 2131 retinacula
743 2066 835 2132 mulae

117 2150 223 2217 Nauta
238 2153 268 2238 pi
293 2177 327 2218 er
340 2176 414 2217 saxo
429 2153 549 2239 religat,
565 2154 728 2238 stertitque
742 2153 879 2239 supinus.

115 2238 251 2322 Jamque
266 2178 331 2303 dies
345 2239 460 2315 aderat,
476 2240 520 2302 nil
535 2262 606 2303 cnm
622 2239 786 2324 procedere
801 2239 927 2304 lintrem
1011 2245 1053 2305 20

118 2324 298 2401 Sentimus3
320 2325 419 2389 donec
434 2325 612 2389 cerebrosus
627 2324 747 2409 prosilit
763 2347 851 2401 unns,

116 2412 168 2473 Ac
183 2411 283 2486 multe,
301 2424 464 2497 nautaeque
480 2422 581 2495 caput,
598 2405 781 2495 lumbosque
797 2411 917 2497 saligno

117 2495 215 2560 Fuste
230 2497 330 2561 dolat:
353 2497 461 2582 quarti
477 2496 529 2561 vix
545 2498 668 2561 demum
684 2496 868 2582 exponimur
883 2498 967 2565 bord.

116 2581 184 2646 Ora
199 2604 369 2669 manusque
385 2586 439 2649 tub
453 2582 592 2659 lavimus,
611 2582 752 2659 Feronia,
769 2581 906 2684 lymphd.

115 2666 224 2732 Millia
239 2681 303 2732 turn
318 2669 421 2755 pransi
437 2670 494 2733 tria
508 2669 652 2753 repimus,
667 2681 761 2753 atque
776 2669 914 2735 subrmus
1010 2674 1052 2733 25

115 2752 302 2839 Impositum
317 2755 398 2819 saxis
413 2756 473 2818 late
488 2754 689 2819 candentibus
705 2755 827 2821 Anxur.

115 2838 194 2904 Huc
208 2856 356 2906 venturus
371 2855 437 2905 erat
454 2841 610 2905 Maecenas
626 2840 769 2926 optimus,
785 2852 879 2926 atque

115 2924 286 3002 Cocceius;
309 2929 392 2992 missi
408 2928 527 3027 magnis
542 2927 580 2989 de
596 2927 688 2989 rebus
704 2940 833 3011 uterque

114 3010 241 3099 Legati,
257 3036 379 3077 aversos
393 3013 473 3077 solitr
490 3034 674 3097 componere
688 3012 811 3075 amicos.

114 3096 183 3161 Hic
197 3099 292 3163 oculis
307 3122 367 3186 ego
382 3100 470 3184 nigra
486 3100 562 3163 meis
577 3098 703 3183 collyria
717 3098 820 3183 lippus
1010 3102 1053 3163 30

112 3182 254 3249 lllinere.
300 3185 424 3249 Interea
441 3183 599 3249 Maecenas
614 3183 748 3260 advenit,
764 3196 858 3269 atque

113 3268 277 3346 Cocceius,
297 3271 471 3357 Capitoque
484 3270 575 3334 simul
593 3270 749 3346 Fonteius,
766 3269 804 3333 ad
820 3291 957 3355 unguem

111 3354 231 3420 Factus
247 3358 346 3432 homo,
365 3354 493 3433 Antoni,
511 3379 571 3420 non
588 3369 622 3421 ut
637 3356 735 3442 magis
749 3355 836 3433 alter,
851 3356 977 3419 amicus.

111 3440 245 3506 Fundos
261 3443 386 3507 Aulidio
403 3443 505 3507 Lusco
520 3456 650 3528 praetore
666 3443 799 3506 libenter

110 3526 314 3613 Linquimus,
330 3530 429 3593 insani
445 3528 578 3593 ridentes
591 3528 718 3614 praemia
731 3527 848 3602 scribae,
1008 3532 1051 3591 ³5

112 3610 316 3693 Praetextam,
333 3628 365 3681 et
380 3616 474 3680 latum
489 3614 620 3691 clavum,
636 3635 806 3699 prunaeque
822 3608 971 3676 batillum.
