2442 4059
99 320 154 357 uu.
167 321 197 358 rt.
211 308 245 373 l.]
419 344 421 352 .
440 272 722 359 turaaraasaito.
978 304 1044 369 249

96 458 141 519 28,
149 462 266 517 crassiore,
279 466 305 506 ut
313 466 399 518 omont,
407 462 477 509 Musa
483 479 493 516 ,·
504 462 640 522 metaphora
649 462 772 522 desumpta
783 458 912 516 alaniiicio,
923 469 950 505 ut
958 459 1041 521 pingui

96 526 207 573 Minerua
218 528 247 572 ab
259 525 377 573 obesitate.
436 562 437 565 η

131 589 173 644 79.
194 586 290 652 [Recte]
310 590 398 636 Fabula
417 605 471 636 rere
490 591 586 650 pulchra
605 597 673 645 recte,
691 590 773 645 idest,
790 589 858 635 iirmo
876 600 1039 647 aenttnquom

96 653 217 701 titubante
237 656 272 701 rel
291 655 436 701 claudicante
452 656 557 715 ingressu
576 663 670 700 scenam
687 656 844 714 perpmlulare
866 654 951 699 dicitur
968 651 1040 699 simili

96 720 238 779 metaphora
248 728 319 779 atque
337 720 417 765 dicunt
427 717 532 780 salestam
548 727 610 766 sture
626 721 663 765 rel
676 720 705 765 de
719 720 834 765 contrario
848 729 933 776 eventu
949 718 1039 771 eadere,

96 783 139 829 ubi
155 784 295 843 exploditur.
328 784 429 829 ‘Utrum
449 784 519 830 etiarn
537 799 600 831 nunc
617 784 711 831 laudem
730 793 863 829 mereantur
875 787 936 829 Atta
953 791 1039 840 togata

96 848 269 895 necne.'-'l'.
288 848 348 909 (non
365 847 403 909 C.)
421 849 545 899 Quinctius
564 848 623 895 Atta
640 849 737 908 scriptor
755 857 893 907 togatarum,
914 846 1039 893 satirarum

94 912 339 973 epigrammatumque
356 922 459 960 mortuus
479 927 505 959 a.
518 926 543 959 u.
560 926 581 960 c.
599 912 654 968 676.
689 914 775 960 Fronto
796 929 818 973 p.
836 914 875 968 96,
898 914 939 957 Ed.
960 912 1038 964 Rom..

90 979 254 1036 particulatim
270 980 395 1039 elegantem
410 980 491 1025 Attum
511 980 535 1025 irs
550 980 624 1025 uerbis
640 980 787 1025 muliebribus
802 986 874 1023 vocat.
883 974 1035 1037 —[orooum]

95 1040 221 1099 liquidum.
255 1043 314 1088 Plin.
338 1044 367 1089 Η.
388 1043 417 1089 N.
436 1042 474 1099 al,
497 1042 520 1094 6,
541 1044 597 1089 Virro
618 1045 674 1089 mire
694 1045 797 1104 coagruit
813 1058 908 1096 mecum,
923 1043 1037 1101 precipue

94 1106 176 1158 dulci,-
193 1109 538 1168 tritumodlleolrorepIeuda.
563 1108 676 1154 Fabulam
687 1106 759 1166 igitur
769 1108 830 1153 Attae
841 1107 897 1152 dicit
907 1106 931 1150 in
943 1120 1036 1150 scenam
1079 1139 1082 1143 Δ

94 1172 243 1230 productam,
262 1187 315 1231 quse
333 1186 401 1217 scena
419 1174 512 1218 floribus
530 1181 554 1218 et
567 1186 635 1218 croco
648 1172 726 1231 spargi
743 1173 807 1218 solet.
842 1172 933 1217 Lucret.
944 1171 968 1226 2,
979 1168 1035 1224 416,

95 1236 130 1281 Et
141 1251 210 1297 quum
220 1252 288 1282 scena
297 1251 360 1283 croco
373 1237 440 1283 Cilici
448 1233 541 1297 perj'uss
551 1252 628 1284 recens
638 1243 680 1283 est.

129 1300 232 1347 tte-ut.
251 1296 374 1362 [AEsopus]
393 1302 549 1348 nobilissimus
564 1302 704 1361 tragicorum
715 1300 845 1346 fabularum
859 1307 930 1354 actor,
939 1313 1036 1345 summus

95 1362 184 1425 uslusto
200 1372 223 1412 et
241 1381 327 1426 semper
343 1368 443 1426 partium
458 1376 504 1412 tem
518 1369 542 1412 ia
558 1368 674 1427 republica
692 1374 759 1427 quasis
774 1368 799 1412 ia
813 1367 881 1412 scend
894 1367 1036 1424 optimarum,

96 1436 124 1473 ot
135 1429 170 1475 sit
180 1431 230 1489 elus
240 1430 360 1477 familiaris
370 1430 451 1477 Cicero
468 1446 508 1491 pro
520 1432 594 1477 Sestio
606 1430 645 1477 46.
680 1431 762 1477 Grauis
772 1441 851 1476 autem
863 1438 963 1484 vocatur,
979 1428 1036 1486 quia

95 1494 185 1553 primas
203 1492 255 1540 illas
278 1505 354 1555 partes
376 1496 541 1554 tragoediarum
561 1496 655 1557 egregie
671 1498 762 1555 agebat,
784 1504 809 1541 ut
828 1497 1036 1553 Agantemnonsm,

95 1557 204 1619 Ajacem,
220 1559 364 1619 Eurysacen.
396 1560 462 1606 Vixit
472 1569 534 1606 certe
545 1574 620 1620 usque
635 1561 665 1607 ad
682 1572 771 1606 a.u.c.
786 1560 841 1607 out.
874 1559 902 1605 V.
915 1560 1035 1604 Onomast.
1046 1588 1056 1595 -

96 1623 146 1669 Cic.
183 1624 209 1674 Q.
222 1625 316 1671 Roscius
323 1625 442 1671 comoedus
453 1639 519 1684 aque
530 1625 623 1681 nobilis,
633 1639 730 1684 proquo
740 1634 815 1670 exstat
824 1623 942 1669 Ciceronis
953 1621 1035 1676 oratio,

94 1686 214 1749 huiusque
225 1704 311 1736 amores
326 1695 349 1735 et
363 1690 457 1746 delicia,
475 1692 504 1735 de
517 1690 594 1736 Divin.
607 1689 684 1745 1,36;
701 1690 781 1735 dorlon
794 1697 880 1744 autem,
896 1690 956 1748 quod
965 1688 1035 1733 idest

93 1759 234 1813 emeatus,
242 1760 275 1809 ut,
287 1756 311 1799 iu
322 1769 364 1815 quo
375 1758 468 1816 quisque
479 1756 576 1813 urlipicio
590 1755 716 1809 excelleret,
727 1756 748 1799 is
759 1756 783 1799 iu
793 1769 833 1800 suo
842 1768 925 1813 genere
937 1750 1034 1797 Roscius

93 1818 218 1865 diceretur.
253 1819 287 1863 De
300 1819 340 1865 0r.
353 1819 424 1874 1,28.
457 1819 556 1865 Roscius
568 1833 642 1878 quum
654 1827 759 1865 mortuus
769 1818 800 1863 sit
810 1830 835 1863 a.
843 1830 866 1863 u.
875 1829 896 1862 c.
907 1816 956 1864 693
973 1814 1034 1877 (Cic.

93 1882 267 1941 promenti),
285 1882 304 1929 si
317 1898 378 1929 anno
395 1883 443 1931 690
461 1884 486 1929 in
500 1885 570 1929 scena
584 1885 732 1943 comparebat
747 1897 824 1943 oeque
838 1891 911 1927 artem
925 1881 1033 1936 desierat,

93 1959 152 1993 sane
163 1946 204 2007 qui
222 1959 245 1992 Α.
255 1960 278 1993 u.
287 1960 309 1993 c.
320 1946 367 2002 744
386 1949 495 1994 vivebant
516 1947 607 1996 circiter
622 1948 800 2007 septuagenarii,
818 1946 938 2006 utriusque
949 1946 1035 1993 actoris

93 2012 168 2071 probe
190 2012 323 2058 meminisse
343 2020 456 2071 poterant.
489 2014 541 2059 ‘Ab
560 2012 648 2072 AEsopo
666 2019 690 2058 st
708 2012 793 2059 Roscio
811 2012 912 2071 egregia
929 2018 1033 2057 tantum-

94 2076 166 2121 modo
177 2086 234 2122 actas
245 2085 298 2123 sunt
310 2077 402 2128 fabula,
419 2086 477 2137 quas
490 2077 661 2138 reprehendere
673 2077 739 2123 neias
754 2087 805 2130 est;
821 2086 892 2135 atque
904 2091 934 2121 ex
949 2077 1034 2121 harum

94 2154 194 2186 numero
213 2140 275 2187 Attae
297 2155 389 2201 quoque
409 2151 492 2201 togatae
513 2138 724 2202 euml-[parere
744 2138 877 2201 missoribus]
902 2140 1034 2200 ‘juniorum

90 2204 187 2265 judiciis
206 2220 256 2251 sese
277 2207 450 2252 accommodare
472 2221 499 2253 ac
517 2206 587 2252 iidem
609 2202 920 2267 manuel-[perdenda]
948 2205 1034 2250 ‘missa

92 2270 217 2325 facienda,’
234 2270 359 2316 ‘oblivioni
370 2272 498 2318 indenda'
686 2320 688 2324 ,

126 2334 166 2381 86.
186 2330 265 2396 [lom]
282 2335 411 2394 gradationi
431 2335 527 2386 inservit
545 2334 595 2395 (Pr.
616 2336 674 2382 Intr.
693 2334 717 2381 ii.
735 2334 790 2391 866,
807 2332 873 2392 w).
884 2358 917 2367 -
928 2330 1032 2394 [Saliare

93 2396 189 2460 Numa]
210 2400 259 2445 Liv.
273 2399 295 2455 l,
306 2400 345 2455 20,
363 2397 463 2460 (Numa)
480 2402 553 2447 Salios
563 2402 617 2447 ilem
631 2401 746 2447 duodecim
758 2401 833 2445 Morti
845 2399 944 2445 Gradiuo
960 2400 1032 2460 legite

93 2465 238 2526 catastisque
245 2480 316 2520 ortua,
327 2480 376 2525 quoe
387 2466 471 2511 anulio
482 2461 701 2525 appellentur,ferre
709 2480 737 2511 ae
744 2480 787 2524 per
797 2466 874 2510 arbem
882 2466 917 2509 ire
927 2469 1032 2509 coaeotes

92 2531 195 2575 sororina
205 2545 255 2575 cum
266 2531 374 2589 tripudiis
386 2531 528 2590 sollemnique
539 2532 625 2577 saltata
635 2529 716 2589 jussit.
749 2530 809 2576 Cum
820 2528 922 2574 carmine
934 2528 1032 2573 fratrum

92 2593 217 2639 Arvalium
239 2593 282 2640 hoc
309 2594 396 2640 Saliare
422 2594 525 2640 versibus
547 2595 662 2640 Saturniis
684 2594 803 2653 scriptam,
828 2594 890 2653 quod
911 2600 1032 2639 crumulo

92 2657 182 2705 dictum
201 2658 271 2704 fuisse
290 2658 372 2705 Festus
390 2659 493 2714 tradidit,
509 2658 697 2719 antiquissimum
713 2659 764 2714 fuit,
781 2660 810 2704 de
827 2673 874 2718 quo
892 2658 1031 2717 accepimns.

92 2721 206 2773 Quinctii.
225 2723 247 2778 l,
265 2722 288 2780 6,
305 2723 345 2780 40,
361 2724 473 2770 Saliorum
488 2727 589 2770 carmina
604 2726 643 2771 uis
658 2726 811 2771 sacerdotibus
827 2726 875 2769 suls
890 2725 948 2769 sutis
962 2724 1030 2775 iutel-

91 2788 159 2835 leclo.
338 2832 341 2837 .

123 2852 164 2899 92.
182 2849 290 2914 [tereret]
308 2852 337 2897 de
354 2852 447 2899 assidui
464 2852 569 2899 lectione.
604 2853 653 2899 Cic.
669 2853 699 2899 ad
721 2854 787 2899 Fam.
807 2852 830 2908 9,
846 2853 885 2907 25,
908 2847 1030 2899 Παιδείαν

92 2913 358 2979 [sipost-contriverunt
377 2918 477 2979 legendo.
486 2942 517 2951 -
528 2914 639 2979 [uiritim]
656 2917 757 2976 ‘singuli
768 2916 830 2963 ciues
841 2915 942 2962 Romani
954 2917 1030 2974 etqui

90 2990 178 3041 praeter
196 2981 238 3027 hos
257 2982 339 3027 Latine
356 2982 486 3029 sciunt.'—
497 2978 619 3043 [publicus
634 2982 699 3040 usus]
718 2990 754 3027 est
770 2996 825 3027 usus
841 2996 859 3027 s.
871 2996 926 3027 usus
940 2982 1028 3027 fructus

91 3060 179 3102 rerum,
195 3060 252 3105 quas
263 3046 353 3106 antiqui
365 3047 469 3106 publicas
479 3048 515 3092 vel
527 3061 662 3092 communes
671 3046 827 3105 appellabant,
844 3061 941 3106 quarum
952 3046 1029 3091 domi-

90 3110 167 3165 nium,
183 3119 209 3156 ut
225 3111 291 3157 aiunt
305 3111 474 3171 jurisconsulti,
489 3125 558 3157 nemo
569 3111 602 3156 ita
617 3118 708 3171 poterat
717 3125 837 3171 occupare,
855 3120 881 3157 ut
895 3111 1029 3157 excluderet

88 3175 158 3221 aliosi
191 3176 259 3221 Tales
281 3185 335 3221 sunt
353 3190 400 3233 aer,
417 3190 478 3235 aqua
494 3176 618 3235 profluens,
637 3190 699 3221 mare
721 3178 816 3236 eJusque
832 3177 917 3222 littora.
950 3175 986 3219 Ita
1004 3182 1030 3221 et

88 3249 199 3300 poemata
218 3240 310 3299 publico
327 3241 380 3287 usui
398 3240 535 3296 inserviunt,
552 3240 663 3300 quoniam
679 3240 788 3287 omnibus
802 3255 868 3300 seque
879 3240 907 3286 iis
918 3239 1028 3285 delectari

86 3304 151 3351 lieet.
538 3326 540 3331 ·

121 3368 162 3422 93,
179 3367 218 3416 aa
246 3366 365 3495 [Graeciae
397 3370 454 3416 Hac
473 3369 551 3416 omnia
570 3369 686 3431 praecipue
702 3370 732 3415 de
749 3368 933 3415 Atheniensibus
949 3368 1027 3415 valere

87 3432 239 3479 manifestum
257 3443 337 3480 est.-
363 3432 554 3496 positu-lollii]
572 3435 675 3481 maxime
689 3444 740 3494 post
755 3433 882 3494 composita
897 3432 958 3477 bella
970 3434 1026 3478 Per·

86 3498 182 3563 sipa-
195 3495 305 3559 [nugari]
326 3501 369 3545 ‘se
384 3500 440 3545 dare
458 3500 488 3545 ad
504 3500 582 3545 omnia
593 3499 668 3559 poesis
683 3514 777 3558 genera,
792 3500 821 3544 ad
833 3497 935 3557 picturae,
951 3498 1029 3558 sculp-

87 3572 155 3618 turas,
166 3562 261 3609 musicae
271 3572 341 3619 artes,
352 3564 382 3609 ad
393 3563 460 3609 ludos
471 3563 628 3623 gymnasticos
637 3564 654 3619 ς’
666 3578 718 3624 qua
730 3563 808 3609 omnia
816 3576 868 3608 cum
876 3560 1026 3609 atrocissimis

86 3626 135 3674 iilis
157 3627 223 3673 bellis
242 3637 375 3687 comparata
393 3627 478 3688 partim
500 3627 649 3687 ingeniorum
670 3636 725 3674 sunt
745 3628 817 3682 lusus,
838 3626 922 3686 partim
942 3626 1027 3673 virium

550 3756 601 3803 Md
