<?xml version="1.0" encoding="UTF-8"?>
<!DOCTYPE html PUBLIC "-//W3C//DTD XHTML 1.0 Transitional//EN"
    "http://www.w3.org/TR/xhtml1/DTD/xhtml1-transitional.dtd">
<html xmlns="http://www.w3.org/1999/xhtml" xml:lang="en" lang="en">
 <head>
  <title>
</title>
<meta http-equiv="Content-Type" content="text/html;charset=utf-8" />
  <meta name='ocr-system' content='tesseract 3.04.00' />
  <meta name='ocr-capabilities' content='ocr_page ocr_carea ocr_par ocr_line ocrx_word'/>
</head>
<body>
  <div class='ocr_page' id='page_1' title='image "./ecloghoratianad00flacgoog_0125.png"; bbox 0 0 2442 4059; ppageno 0'>
   <div class='ocr_carea' id='block_1_1' title="bbox 113 233 1060 324">
    <p class='ocr_par' dir='ltr' id='par_1_1' title="bbox 113 233 1060 324">
     <span class='ocr_line' id='line_1_1' title="bbox 113 233 1060 324; baseline 0.005 -18"><span class='ocrx_word' id='word_1_1' title='bbox 113 233 248 320; x_wconf 65' lang='lat' dir='ltr'>unia]</span> <span class='ocrx_word' id='word_1_2' title='bbox 372 279 376 287; x_wconf 91' lang='lat'><em>-</em></span> <span class='ocrx_word' id='word_1_3' title='bbox 448 257 732 305; x_wconf 78' lang='lat' dir='ltr'>rurnurnururro.</span> <span class='ocrx_word' id='word_1_4' title='bbox 1000 259 1060 324; x_wconf 80' lang='lat'>117</span> 
     </span>
    </p>
   </div>
   <div class='ocr_carea' id='block_1_2' title="bbox 113 407 1063 469">
    <p class='ocr_par' dir='ltr' id='par_1_2' title="bbox 113 407 1063 469">
     <span class='ocr_line' id='line_1_2' title="bbox 113 407 1063 469; baseline 0.003 -13"><span class='ocrx_word' id='word_1_5' title='bbox 113 410 209 456; x_wconf 68' lang='lat' dir='ltr'>sumat!</span> <span class='ocrx_word' id='word_1_6' title='bbox 242 409 356 467; x_wconf 85' lang='lat' dir='ltr'>‘Sumpta</span> <span class='ocrx_word' id='word_1_7' title='bbox 373 408 509 468; x_wconf 84' lang='lat' dir='ltr'>metaphora</span> <span class='ocrx_word' id='word_1_8' title='bbox 525 423 540 454; x_wconf 84' lang='lat' dir='ltr'>a</span> <span class='ocrx_word' id='word_1_9' title='bbox 555 407 637 466; x_wconf 80' lang='lat' dir='ltr'>rumix,</span> <span class='ocrx_word' id='word_1_10' title='bbox 656 423 715 468; x_wconf 81' lang='lat' dir='ltr'>quoe</span> <span class='ocrx_word' id='word_1_11' title='bbox 732 408 877 468; x_wconf 82' lang='lat' dir='ltr'>utringimna,</span> <span class='ocrx_word' id='word_1_12' title='bbox 897 410 992 469; x_wconf 82' lang='lat' dir='ltr'>quando</span> <span class='ocrx_word' id='word_1_13' title='bbox 1010 411 1063 459; x_wconf 79' lang='lat' dir='ltr'>illua</span> 
     </span>
    </p>
   </div>
   <div class='ocr_carea' id='block_1_3' title="bbox 112 469 1162 538">
    <p class='ocr_par' dir='ltr' id='par_1_3' title="bbox 112 469 1162 538">
     <span class='ocr_line' id='line_1_3' title="bbox 112 469 1162 538; baseline 0.003 -18"><span class='ocrx_word' id='word_1_14' title='bbox 112 475 233 520; x_wconf 75' lang='lat' dir='ltr'>nudamus</span> <span class='ocrx_word' id='word_1_15' title='bbox 260 472 338 519; x_wconf 72' lang='lat' dir='ltr'>foliis.¹</span> <span class='ocrx_word' id='word_1_16' title='bbox 373 473 453 519; x_wconf 80' lang='lat' dir='ltr'>l&#39;ornnr.</span> <span class='ocrx_word' id='word_1_17' title='bbox 473 470 717 535; x_wconf 69' lang='lat' dir='ltr'>erup-[ingluvie]</span> <span class='ocrx_word' id='word_1_18' title='bbox 741 489 774 534; x_wconf 87' lang='lat' dir='ltr'>pr.</span> <span class='ocrx_word' id='word_1_19' title='bbox 800 469 964 536; x_wconf 79' lang='grc' dir='ltr'>προηγορεὼν</span> <span class='ocrx_word' id='word_1_20' title='bbox 986 474 1062 538; x_wconf 86' lang='lat' dir='ltr'>(crop)</span> <span class='ocrx_word' id='word_1_21' title='bbox 1159 493 1162 498; x_wconf 94' lang='lat'>·</span> 
     </span>
    </p>
   </div>
   <div class='ocr_carea' id='block_1_4' title="bbox 112 534 1064 1505">
    <p class='ocr_par' dir='ltr' id='par_1_4' title="bbox 112 534 1062 727">
     <span class='ocr_line' id='line_1_4' title="bbox 112 534 1062 599; baseline 0.003 -15"><span class='ocrx_word' id='word_1_22' title='bbox 112 534 396 599; x_wconf 76' lang='lat' dir='ltr'>avium-[conductio]</span> <span class='ocrx_word' id='word_1_23' title='bbox 415 539 510 598; x_wconf 82' lang='lat' dir='ltr'><strong>Proprie</strong></span> <span class='ocrx_word' id='word_1_24' title='bbox 527 539 556 584; x_wconf 91' lang='lat' dir='ltr'>de</span> <span class='ocrx_word' id='word_1_25' title='bbox 574 539 683 598; x_wconf 76' lang='lat' dir='ltr'>operibus</span> <span class='ocrx_word' id='word_1_26' title='bbox 700 538 799 597; x_wconf 80' lang='lat' dir='ltr'><strong>publicis</strong></span> <span class='ocrx_word' id='word_1_27' title='bbox 816 548 840 584; x_wconf 89' lang='lat' dir='ltr'>et</span> <span class='ocrx_word' id='word_1_28' title='bbox 857 540 953 597; x_wconf 77' lang='lat' dir='ltr'>privatio</span> <span class='ocrx_word' id='word_1_29' title='bbox 969 540 1062 599; x_wconf 82' lang='lat' dir='ltr'>dicitur,</span> 
     </span>
     <span class='ocr_line' id='line_1_5' title="bbox 112 603 1061 668; baseline 0.001 -17"><span class='ocrx_word' id='word_1_30' title='bbox 112 618 168 652; x_wconf 79' lang='lat' dir='ltr'>raro</span> <span class='ocrx_word' id='word_1_31' title='bbox 185 605 215 648; x_wconf 90' lang='lat' dir='ltr'>de</span> <span class='ocrx_word' id='word_1_32' title='bbox 231 604 331 663; x_wconf 80' lang='lat' dir='ltr'>pecuuid</span> <span class='ocrx_word' id='word_1_33' title='bbox 349 603 422 648; x_wconf 79' lang='lat' dir='ltr'>fenori</span> <span class='ocrx_word' id='word_1_34' title='bbox 441 604 541 664; x_wconf 71' lang='lat' dir='ltr'>sumpti,</span> <span class='ocrx_word' id='word_1_35' title='bbox 551 611 586 650; x_wconf 87' lang='lat' dir='ltr'>.ut</span> <span class='ocrx_word' id='word_1_36' title='bbox 601 603 641 649; x_wconf 89' lang='lat' dir='ltr'>hic</span> <span class='ocrx_word' id='word_1_37' title='bbox 657 603 780 650; x_wconf 74' lang='lat' dir='ltr'>etinven.</span> <span class='ocrx_word' id='word_1_38' title='bbox 794 603 831 663; x_wconf 91' lang='lat' dir='ltr'>ll,</span> <span class='ocrx_word' id='word_1_39' title='bbox 843 604 923 651; x_wconf 81' lang='grc'>46,-</span> <span class='ocrx_word' id='word_1_40' title='bbox 933 603 1061 668; x_wconf 79' lang='lat' dir='ltr'>[Fufidinr]</span> 
     </span>
     <span class='ocr_line' id='line_1_6' title="bbox 112 668 1035 727; baseline -0.001 -12"><span class='ocrx_word' id='word_1_41' title='bbox 112 669 232 716; x_wconf 74' lang='lat' dir='ltr'>fenerator</span> <span class='ocrx_word' id='word_1_42' title='bbox 244 668 345 727; x_wconf 75' lang='lat' dir='ltr'>ignotus.</span> <span class='ocrx_word' id='word_1_43' title='bbox 1030 701 1035 706; x_wconf 55' lang='lat'>‹</span> 
     </span>
    </p>

    <p class='ocr_par' dir='ltr' id='par_1_5' title="bbox 112 729 1064 1505">
     <span class='ocr_line' id='line_1_7' title="bbox 149 729 1062 794; baseline 0.002 -15"><span class='ocrx_word' id='word_1_44' title='bbox 149 733 252 781; x_wconf 74' lang='lat' dir='ltr'>tt-nu</span> <span class='ocrx_word' id='word_1_45' title='bbox 272 729 499 794; x_wconf 80' lang='lat' dir='ltr'>[Quinar1usuram</span> <span class='ocrx_word' id='word_1_46' title='bbox 519 732 619 788; x_wconf 82' lang='lat' dir='ltr'>tolitarn,</span> <span class='ocrx_word' id='word_1_47' title='bbox 637 733 663 779; x_wconf 90' lang='lat' dir='ltr'>id</span> <span class='ocrx_word' id='word_1_48' title='bbox 680 740 723 788; x_wconf 85' lang='lat' dir='ltr'>eat,</span> <span class='ocrx_word' id='word_1_49' title='bbox 744 732 843 792; x_wconf 75' lang='lat' dir='ltr'>cingulis</span> <span class='ocrx_word' id='word_1_50' title='bbox 862 733 983 781; x_wconf 74' lang='lat' dir='ltr'>mensibus</span> <span class='ocrx_word' id='word_1_51' title='bbox 1006 748 1062 781; x_wconf 89' lang='lat' dir='ltr'>cen·</span> 
     </span>
     <span class='ocr_line' id='line_1_8' title="bbox 113 795 1063 858; baseline 0.002 -14"><span class='ocrx_word' id='word_1_52' title='bbox 113 799 223 844; x_wconf 79' lang='lat' dir='ltr'>teaimam</span> <span class='ocrx_word' id='word_1_53' title='bbox 243 797 286 858; x_wconf 81' lang='lat'>(12</span> <span class='ocrx_word' id='word_1_54' title='bbox 296 813 337 857; x_wconf 86' lang='lat' dir='ltr'>per</span> <span class='ocrx_word' id='word_1_55' title='bbox 350 796 427 857; x_wconf 80' lang='lat' dir='ltr'>Ceut.)</span> <span class='ocrx_word' id='word_1_56' title='bbox 443 797 637 857; x_wconf 79' lang='lat' dir='ltr'>quintuplicatam</span> <span class='ocrx_word' id='word_1_57' title='bbox 650 797 693 857; x_wconf 79' lang='lat'>(60</span> <span class='ocrx_word' id='word_1_58' title='bbox 702 813 744 858; x_wconf 84' lang='lat' dir='ltr'>per</span> <span class='ocrx_word' id='word_1_59' title='bbox 757 797 874 856; x_wconf 80' lang='lat' dir='ltr'>Cent.)·-</span> <span class='ocrx_word' id='word_1_60' title='bbox 883 795 981 858; x_wconf 84' lang='lat' dir='ltr'>[copiti]</span> <span class='ocrx_word' id='word_1_61' title='bbox 998 800 1063 856; x_wconf 79' lang='lat' dir='ltr'>corti,</span> 
     </span>
     <span class='ocr_line' id='line_1_9' title="bbox 112 858 1062 923; baseline 0.001 -14"><span class='ocrx_word' id='word_1_62' title='bbox 112 877 213 909; x_wconf 80' lang='lat' dir='ltr'>cummae</span> <span class='ocrx_word' id='word_1_63' title='bbox 225 863 249 907; x_wconf 89' lang='lat' dir='ltr'>in</span> <span class='ocrx_word' id='word_1_64' title='bbox 267 863 346 908; x_wconf 82' lang='lat' dir='ltr'>fenore</span> <span class='ocrx_word' id='word_1_65' title='bbox 363 862 490 920; x_wconf 80' lang='lat' dir='ltr'>positoe.—</span> <span class='ocrx_word' id='word_1_66' title='bbox 500 858 615 923; x_wconf 73' lang='lat' dir='ltr'>[excecat]</span> <span class='ocrx_word' id='word_1_67' title='bbox 633 871 676 916; x_wconf 80' lang='lat' dir='ltr'>est,</span> <span class='ocrx_word' id='word_1_68' title='bbox 688 866 695 888; x_wconf 90' lang='lat'>‘</span> <span class='ocrx_word' id='word_1_69' title='bbox 705 873 852 922; x_wconf 87' lang='lat' dir='ltr'>extorquere,</span> <span class='ocrx_word' id='word_1_70' title='bbox 869 864 1008 921; x_wconf 80' lang='lat' dir='ltr'>extundere,</span> <span class='ocrx_word' id='word_1_71' title='bbox 1020 879 1062 910; x_wconf 88' lang='lat' dir='ltr'>ex·</span> 
     </span>
     <span class='ocr_line' id='line_1_10' title="bbox 112 923 1062 989; baseline 0.004 -17"><span class='ocrx_word' id='word_1_72' title='bbox 112 928 233 988; x_wconf 87' lang='lat' dir='ltr'>primere.&#39;</span> <span class='ocrx_word' id='word_1_73' title='bbox 242 950 274 961; x_wconf 90' lang='lat'><em>-</em></span> <span class='ocrx_word' id='word_1_74' title='bbox 284 923 376 988; x_wconf 79' lang='lat' dir='ltr'>[urget]</span> <span class='ocrx_word' id='word_1_75' title='bbox 402 926 496 974; x_wconf 84' lang='lat' dir='ltr'>‘Tanto</span> <span class='ocrx_word' id='word_1_76' title='bbox 509 927 654 986; x_wconf 83' lang='lat' dir='ltr'>gravioribnr</span> <span class='ocrx_word' id='word_1_77' title='bbox 664 928 742 974; x_wconf 71' lang='lat' dir='ltr'>usuris</span> <span class='ocrx_word' id='word_1_78' title='bbox 758 936 839 973; x_wconf 86' lang='lat' dir='ltr'>onerat</span> <span class='ocrx_word' id='word_1_79' title='bbox 851 942 924 973; x_wconf 90' lang='lat' dir='ltr'>unum</span> <span class='ocrx_word' id='word_1_80' title='bbox 937 943 1062 989; x_wconf 88' lang='lat' dir='ltr'>quemque,</span> 
     </span>
     <span class='ocr_line' id='line_1_11' title="bbox 113 991 1063 1052; baseline 0.003 -14"><span class='ocrx_word' id='word_1_81' title='bbox 113 1001 205 1052; x_wconf 85' lang='lat' dir='ltr'>quanto</span> <span class='ocrx_word' id='word_1_82' title='bbox 227 991 370 1038; x_wconf 78' lang='lat' dir='ltr'>intellexerit</span> <span class='ocrx_word' id='word_1_83' title='bbox 387 1007 445 1045; x_wconf 65' lang='lat' dir='ltr'>snm</span> <span class='ocrx_word' id='word_1_84' title='bbox 469 992 626 1051; x_wconf 78' lang='lat' dir='ltr'>negligentius</span> <span class='ocrx_word' id='word_1_85' title='bbox 648 1005 685 1038; x_wconf 84' lang='lat' dir='ltr'>rer</span> <span class='ocrx_word' id='word_1_86' title='bbox 707 1007 760 1038; x_wconf 80' lang='lat' dir='ltr'>suaa</span> <span class='ocrx_word' id='word_1_87' title='bbox 786 1006 855 1051; x_wconf 86' lang='lat' dir='ltr'>agere</span> <span class='ocrx_word' id='word_1_88' title='bbox 877 1001 901 1038; x_wconf 89' lang='lat' dir='ltr'>et</span> <span class='ocrx_word' id='word_1_89' title='bbox 920 992 1063 1041; x_wconf 73' lang='lat' dir='ltr'>luxuriosius</span> 
     </span>
     <span class='ocr_line' id='line_1_12' title="bbox 113 1056 1062 1116; baseline 0.003 -14"><span class='ocrx_word' id='word_1_90' title='bbox 113 1056 202 1103; x_wconf 83' lang='lat' dir='ltr'>vivere.</span> <span class='ocrx_word' id='word_1_91' title='bbox 228 1058 316 1111; x_wconf 69' lang='lat' dir='ltr'>Scin,</span> <span class='ocrx_word' id='word_1_92' title='bbox 334 1066 367 1112; x_wconf 90' lang='lat' dir='ltr'>ut,</span> <span class='ocrx_word' id='word_1_93' title='bbox 384 1056 403 1101; x_wconf 85' lang='lat' dir='ltr'>si</span> <span class='ocrx_word' id='word_1_94' title='bbox 421 1056 547 1115; x_wconf 73' lang='lat' dir='ltr'>aliquando</span> <span class='ocrx_word' id='word_1_95' title='bbox 563 1071 612 1102; x_wconf 79' lang='lat' dir='ltr'>soro</span> <span class='ocrx_word' id='word_1_96' title='bbox 628 1065 678 1102; x_wconf 79' lang='lat' dir='ltr'>totu</span> <span class='ocrx_word' id='word_1_97' title='bbox 691 1067 732 1102; x_wconf 89' lang='lat' dir='ltr'>aut</span> <span class='ocrx_word' id='word_1_98' title='bbox 750 1071 779 1102; x_wconf 90' lang='lat' dir='ltr'>ex</span> <span class='ocrx_word' id='word_1_99' title='bbox 797 1064 863 1116; x_wconf 86' lang='lat' dir='ltr'>parte</span> <span class='ocrx_word' id='word_1_100' title='bbox 883 1058 1002 1116; x_wconf 79' lang='lat' dir='ltr'>perdenda</span> <span class='ocrx_word' id='word_1_101' title='bbox 1024 1059 1062 1115; x_wconf 79' lang='lat' dir='ltr'>sit,</span> 
     </span>
     <span class='ocr_line' id='line_1_13' title="bbox 113 1121 1062 1182; baseline 0.002 -15"><span class='ocrx_word' id='word_1_102' title='bbox 113 1135 213 1180; x_wconf 76' lang='lat' dir='ltr'>magnae</span> <span class='ocrx_word' id='word_1_103' title='bbox 224 1123 306 1167; x_wconf 78' lang='lat' dir='ltr'>saltem</span> <span class='ocrx_word' id='word_1_104' title='bbox 319 1121 457 1167; x_wconf 75' lang='lat' dir='ltr'>centesimas</span> <span class='ocrx_word' id='word_1_105' title='bbox 469 1135 510 1181; x_wconf 87' lang='lat' dir='ltr'>per</span> <span class='ocrx_word' id='word_1_106' title='bbox 522 1129 614 1182; x_wconf 82' lang='lat' dir='ltr'>tempuo</span> <span class='ocrx_word' id='word_1_107' title='bbox 629 1122 658 1167; x_wconf 79' lang='lat' dir='ltr'>ad</span> <span class='ocrx_word' id='word_1_108' title='bbox 675 1137 744 1167; x_wconf 88' lang='lat' dir='ltr'>omne</span> <span class='ocrx_word' id='word_1_109' title='bbox 759 1123 872 1167; x_wconf 84' lang='lat' dir='ltr'>dumnuut</span> <span class='ocrx_word' id='word_1_110' title='bbox 889 1122 1062 1169; x_wconf 72' lang='lat' dir='ltr'>resarciendum</span> 
     </span>
     <span class='ocr_line' id='line_1_14' title="bbox 114 1184 1063 1247; baseline 0.001 -14"><span class='ocrx_word' id='word_1_111' title='bbox 114 1187 234 1233; x_wconf 77' lang='lat' dir='ltr'>cufficienr</span> <span class='ocrx_word' id='word_1_112' title='bbox 252 1187 306 1232; x_wconf 90' lang='lat' dir='ltr'>inde</span> <span class='ocrx_word' id='word_1_113' title='bbox 323 1184 611 1247; x_wconf 81' lang='lat' dir='ltr'>percipiat.&#39;-[Nomt&#39;na</span> <span class='ocrx_word' id='word_1_114' title='bbox 626 1185 739 1245; x_wconf 82' lang='lat' dir='ltr'>rectatur]</span> <span class='ocrx_word' id='word_1_115' title='bbox 759 1187 821 1244; x_wconf 84' lang='lat' dir='ltr'>Ang.</span> <span class='ocrx_word' id='word_1_116' title='bbox 833 1187 903 1232; x_wconf 73' lang='lat' dir='ltr'>‘trior</span> <span class='ocrx_word' id='word_1_117' title='bbox 915 1193 938 1232; x_wconf 84' lang='lat' dir='ltr'>to</span> <span class='ocrx_word' id='word_1_118' title='bbox 946 1193 987 1247; x_wconf 80' lang='lat' dir='ltr'>get</span> <span class='ocrx_word' id='word_1_119' title='bbox 1003 1191 1063 1234; x_wconf 76' lang='lat' dir='ltr'>their</span> 
     </span>
     <span class='ocr_line' id='line_1_15' title="bbox 113 1247 1064 1312; baseline 0.002 -15"><span class='ocrx_word' id='word_1_120' title='bbox 113 1267 193 1298; x_wconf 78' lang='lat' dir='ltr'>nomer</span> <span class='ocrx_word' id='word_1_121' title='bbox 204 1254 227 1297; x_wconf 89' lang='lat' dir='ltr'>in</span> <span class='ocrx_word' id='word_1_122' title='bbox 239 1253 275 1297; x_wconf 82' lang='lat' dir='ltr'>ln&#39;r</span> <span class='ocrx_word' id='word_1_123' title='bbox 286 1252 367 1297; x_wconf 62' lang='lat' dir='ltr'>booles!</span> <span class='ocrx_word' id='word_1_124' title='bbox 401 1247 461 1312; x_wconf 85' lang='lat' dir='ltr'>[Pro</span> <span class='ocrx_word' id='word_1_125' title='bbox 472 1247 573 1312; x_wconf 83' lang='lat' dir='ltr'>puaertu]</span> <span class='ocrx_word' id='word_1_126' title='bbox 592 1252 698 1297; x_wconf 82' lang='lat' dir='ltr'>‘ratione</span> <span class='ocrx_word' id='word_1_127' title='bbox 710 1254 813 1310; x_wconf 72' lang='lat' dir='ltr'>quantus</span> <span class='ocrx_word' id='word_1_128' title='bbox 824 1250 919 1296; x_wconf 67' lang='lat' dir='ltr'>habiit!</span> <span class='ocrx_word' id='word_1_129' title='bbox 928 1274 961 1283; x_wconf 93' lang='lat'><em>-</em></span> <span class='ocrx_word' id='word_1_130' title='bbox 969 1248 1022 1311; x_wconf 87' lang='lat' dir='ltr'>[non</span> <span class='ocrx_word' id='word_1_131' title='bbox 1032 1255 1064 1299; x_wconf 81' lang='lat' dir='ltr'>rit</span> 
     </span>
     <span class='ocr_line' id='line_1_16' title="bbox 114 1311 1061 1376; baseline 0.001 -14"><span class='ocrx_word' id='word_1_132' title='bbox 114 1313 216 1376; x_wconf 70' lang='lat' dir='ltr'>amicus]</span> <span class='ocrx_word' id='word_1_133' title='bbox 238 1317 280 1361; x_wconf 83' lang='lat' dir='ltr'>‘ut</span> <span class='ocrx_word' id='word_1_134' title='bbox 302 1316 343 1375; x_wconf 89' lang='lat' dir='ltr'>qui</span> <span class='ocrx_word' id='word_1_135' title='bbox 364 1325 477 1376; x_wconf 89' lang='lat' dir='ltr'>perpetuo</span> <span class='ocrx_word' id='word_1_136' title='bbox 497 1316 593 1374; x_wconf 86' lang='lat' dir='ltr'>genium</span> <span class='ocrx_word' id='word_1_137' title='bbox 615 1331 683 1361; x_wconf 81' lang='lat' dir='ltr'>suum</span> <span class='ocrx_word' id='word_1_138' title='bbox 702 1311 1011 1376; x_wconf 79' lang='lat' dir='ltr'>defraudet.&#39;-—[Tereuii]</span> <span class='ocrx_word' id='word_1_139' title='bbox 1032 1316 1061 1363; x_wconf 86' lang='lat' dir='ltr'>ln</span> 
     </span>
     <span class='ocr_line' id='line_1_17' title="bbox 112 1375 1063 1442; baseline -0.002 -14"><span class='ocrx_word' id='word_1_140' title='bbox 112 1375 227 1428; x_wconf 74' lang='grc' dir='ltr'>ι11αννὸν</span> <span class='ocrx_word' id='word_1_141' title='bbox 242 1376 417 1442; x_wconf 75' lang='grc' dir='ltr'>τιμωρουμένῳ</span> <span class='ocrx_word' id='word_1_142' title='bbox 435 1389 500 1440; x_wconf 84' lang='lat' dir='ltr'>pater</span> <span class='ocrx_word' id='word_1_143' title='bbox 516 1380 678 1438; x_wconf 72' lang='lat' dir='ltr'>Menedemus,</span> <span class='ocrx_word' id='word_1_144' title='bbox 694 1383 762 1441; x_wconf 75' lang='lat' dir='ltr'>cujm</span> <span class='ocrx_word' id='word_1_145' title='bbox 780 1383 810 1427; x_wconf 91' lang='lat' dir='ltr'>ob</span> <span class='ocrx_word' id='word_1_146' title='bbox 825 1380 973 1426; x_wconf 72' lang='lat' dir='ltr'>severitatem</span> <span class='ocrx_word' id='word_1_147' title='bbox 985 1380 1063 1427; x_wconf 74' lang='lat' dir='ltr'>Clinia</span> 
     </span>
     <span class='ocr_line' id='line_1_18' title="bbox 114 1444 643 1505; baseline 0.004 -14"><span class='ocrx_word' id='word_1_148' title='bbox 114 1445 178 1492; x_wconf 83' lang='lat' dir='ltr'>filiun</span> <span class='ocrx_word' id='word_1_149' title='bbox 190 1446 215 1491; x_wconf 95' lang='lat' dir='ltr'>in</span> <span class='ocrx_word' id='word_1_150' title='bbox 228 1446 309 1492; x_wconf 79' lang='lat' dir='ltr'>Asiam</span> <span class='ocrx_word' id='word_1_151' title='bbox 321 1445 447 1492; x_wconf 87' lang='lat' dir='ltr'>militatum</span> <span class='ocrx_word' id='word_1_152' title='bbox 458 1444 575 1505; x_wconf 79' lang='lat' dir='ltr'>profectur</span> <span class='ocrx_word' id='word_1_153' title='bbox 585 1455 643 1493; x_wconf 88' lang='lat' dir='ltr'>erat.</span> 
     </span>
    </p>
   </div>
   <div class='ocr_carea' id='block_1_5' title="bbox 499 1639 686 1686">
    <p class='ocr_par' dir='ltr' id='par_1_6' title="bbox 499 1639 686 1686">
     <span class='ocr_line' id='line_1_19' title="bbox 499 1639 686 1686; baseline -0.005 0"><span class='ocrx_word' id='word_1_154' title='bbox 499 1639 619 1686; x_wconf 79' lang='lat' dir='ltr'>SATIRA</span> <span class='ocrx_word' id='word_1_155' title='bbox 640 1639 686 1686; x_wconf 93' lang='grc'>111.</span> 
     </span>
    </p>
   </div>
   <div class='ocr_carea' id='block_1_6' title="bbox 108 1768 1062 3585">
    <p class='ocr_par' dir='ltr' id='par_1_7' title="bbox 113 1768 1062 2350">
     <span class='ocr_line' id='line_1_20' title="bbox 148 1768 1061 1830; baseline 0 -12"><span class='ocrx_word' id='word_1_156' title='bbox 148 1771 256 1818; x_wconf 70' lang='lat' dir='ltr'>danunt.</span> <span class='ocrx_word' id='word_1_157' title='bbox 274 1770 409 1830; x_wconf 80' lang='lat' dir='ltr'>Proecipuus</span> <span class='ocrx_word' id='word_1_158' title='bbox 420 1770 490 1829; x_wconf 73' lang='lat' dir='ltr'>hujus</span> <span class='ocrx_word' id='word_1_159' title='bbox 501 1769 577 1816; x_wconf 75' lang='lat' dir='ltr'>satirae</span> <span class='ocrx_word' id='word_1_160' title='bbox 587 1768 642 1816; x_wconf 78' lang='lat' dir='ltr'>linio</span> <span class='ocrx_word' id='word_1_161' title='bbox 653 1777 695 1823; x_wconf 79' lang='lat' dir='ltr'>eat,</span> <span class='ocrx_word' id='word_1_162' title='bbox 707 1777 733 1815; x_wconf 88' lang='lat' dir='ltr'>ut</span> <span class='ocrx_word' id='word_1_163' title='bbox 744 1769 875 1816; x_wconf 83' lang='lat' dir='ltr'>communit</span> <span class='ocrx_word' id='word_1_164' title='bbox 886 1770 927 1816; x_wconf 88' lang='lat' dir='ltr'>illa</span> <span class='ocrx_word' id='word_1_165' title='bbox 938 1770 1061 1818; x_wconf 85' lang='lat' dir='ltr'>hominum</span> 
     </span>
     <span class='ocr_line' id='line_1_21' title="bbox 114 1835 1062 1896; baseline 0.002 -16"><span class='ocrx_word' id='word_1_166' title='bbox 114 1837 255 1896; x_wconf 69' lang='lat' dir='ltr'>perversitas</span> <span class='ocrx_word' id='word_1_167' title='bbox 267 1835 405 1894; x_wconf 71' lang='lat' dir='ltr'>exagitetur,</span> <span class='ocrx_word' id='word_1_168' title='bbox 417 1836 464 1894; x_wconf 79' lang='lat' dir='ltr'>qut</span> <span class='ocrx_word' id='word_1_169' title='bbox 475 1843 553 1881; x_wconf 81' lang='lat' dir='ltr'>nostra</span> <span class='ocrx_word' id='word_1_170' title='bbox 569 1837 630 1880; x_wconf 84' lang='lat' dir='ltr'>mala</span> <span class='ocrx_word' id='word_1_171' title='bbox 641 1845 681 1880; x_wconf 87' lang='lat' dir='ltr'>aut</span> <span class='ocrx_word' id='word_1_172' title='bbox 692 1835 762 1895; x_wconf 82' lang='lat' dir='ltr'>piune</span> <span class='ocrx_word' id='word_1_173' title='bbox 773 1835 907 1895; x_wconf 74' lang='lat' dir='ltr'>ignoramur</span> <span class='ocrx_word' id='word_1_174' title='bbox 919 1845 959 1882; x_wconf 81' lang='lat' dir='ltr'>aut</span> <span class='ocrx_word' id='word_1_175' title='bbox 970 1838 1062 1882; x_wconf 68' lang='lat' dir='ltr'>cummi</span> 
     </span>
     <span class='ocr_line' id='line_1_22' title="bbox 114 1899 1062 1977; baseline 0.001 -31"><span class='ocrx_word' id='word_1_176' title='bbox 114 1900 264 1960; x_wconf 75' lang='lat' dir='ltr'>indulgentid</span> <span class='ocrx_word' id='word_1_177' title='bbox 275 1900 388 1956; x_wconf 76' lang='lat' dir='ltr'>fovemus,</span> <span class='ocrx_word' id='word_1_178' title='bbox 399 1900 424 1945; x_wconf 96' lang='lat' dir='ltr'>in</span> <span class='ocrx_word' id='word_1_179' title='bbox 437 1899 535 1946; x_wconf 84' lang='lat' dir='ltr'>aliorum</span> <span class='ocrx_word' id='word_1_180' title='bbox 547 1909 635 1951; x_wconf 87' lang='lat' dir='ltr'>contra,</span> <span class='ocrx_word' id='word_1_181' title='bbox 650 1908 674 1945; x_wconf 87' lang='lat' dir='ltr'>et</span> <span class='ocrx_word' id='word_1_182' title='bbox 684 1915 790 1977; x_wconf 70' lang='lat' dir='ltr'>perarepe¹</span> <span class='ocrx_word' id='word_1_183' title='bbox 798 1901 925 1946; x_wconf 86' lang='lat' dir='ltr'>amicorum</span> <span class='ocrx_word' id='word_1_184' title='bbox 936 1900 960 1945; x_wconf 93' lang='lat' dir='ltr'>iu</span> <span class='ocrx_word' id='word_1_185' title='bbox 972 1902 1062 1961; x_wconf 78' lang='lat' dir='ltr'>primia,</span> 
     </span>
     <span class='ocr_line' id='line_1_23' title="bbox 114 1964 1060 2025; baseline 0.003 -15"><span class='ocrx_word' id='word_1_186' title='bbox 114 1965 172 2012; x_wconf 84' lang='lat' dir='ltr'>vitia</span> <span class='ocrx_word' id='word_1_187' title='bbox 190 1967 271 2011; x_wconf 79' lang='lat' dir='ltr'>sedulo</span> <span class='ocrx_word' id='word_1_188' title='bbox 291 1965 431 2025; x_wconf 77' lang='lat' dir='ltr'>inquirimus</span> <span class='ocrx_word' id='word_1_189' title='bbox 453 1979 527 2024; x_wconf 82' lang='lat' dir='ltr'>eaque</span> <span class='ocrx_word' id='word_1_190' title='bbox 548 1964 697 2011; x_wconf 70' lang='lat' dir='ltr'>acerbissimi</span> <span class='ocrx_word' id='word_1_191' title='bbox 716 1974 839 2011; x_wconf 77' lang='lat' dir='ltr'>severitate</span> <span class='ocrx_word' id='word_1_192' title='bbox 858 1965 1060 2025; x_wconf 79' lang='lat' dir='ltr'>reprehendimur.</span> 
     </span>
     <span class='ocr_line' id='line_1_24' title="bbox 114 2030 1060 2090; baseline -0.001 -12"><span class='ocrx_word' id='word_1_193' title='bbox 114 2031 189 2090; x_wconf 78' lang='lat' dir='ltr'>GuJua</span> <span class='ocrx_word' id='word_1_194' title='bbox 200 2030 321 2090; x_wconf 76' lang='lat' dir='ltr'>pravium</span> <span class='ocrx_word' id='word_1_195' title='bbox 333 2045 405 2090; x_wconf 78' lang='lat' dir='ltr'>quum</span> <span class='ocrx_word' id='word_1_196' title='bbox 418 2030 536 2076; x_wconf 73' lang='lat' dir='ltr'>excusatio</span> <span class='ocrx_word' id='word_1_197' title='bbox 547 2030 629 2076; x_wconf 78' lang='lat' dir='ltr'>saltem</span> <span class='ocrx_word' id='word_1_198' title='bbox 638 2030 716 2089; x_wconf 83' lang='lat' dir='ltr'>aliqua</span> <span class='ocrx_word' id='word_1_199' title='bbox 728 2030 833 2090; x_wconf 85' lang='lat' dir='ltr'>depromi</span> <span class='ocrx_word' id='word_1_200' title='bbox 846 2030 918 2090; x_wconf 74' lang='lat' dir='ltr'>posuit</span> <span class='ocrx_word' id='word_1_201' title='bbox 929 2045 959 2076; x_wconf 89' lang='lat' dir='ltr'>ex</span> <span class='ocrx_word' id='word_1_202' title='bbox 970 2031 1060 2077; x_wconf 89' lang='lat' dir='ltr'>Stoico·</span> 
     </span>
     <span class='ocr_line' id='line_1_25' title="bbox 113 2093 1059 2157; baseline 0 -17"><span class='ocrx_word' id='word_1_203' title='bbox 113 2109 168 2140; x_wconf 90' lang='lat' dir='ltr'>rum</span> <span class='ocrx_word' id='word_1_204' title='bbox 184 2097 309 2150; x_wconf 74' lang='lat' dir='ltr'>sententii,</span> <span class='ocrx_word' id='word_1_205' title='bbox 325 2095 416 2142; x_wconf 83' lang='lat' dir='ltr'>‘omniu</span> <span class='ocrx_word' id='word_1_206' title='bbox 430 2101 525 2154; x_wconf 83' lang='lat' dir='ltr'>peccalo</span> <span class='ocrx_word' id='word_1_207' title='bbox 542 2098 642 2157; x_wconf 76' lang='lat' dir='ltr'>aepnalr&#39;a</span> <span class='ocrx_word' id='word_1_208' title='bbox 658 2095 721 2149; x_wconf 61' lang='lat' dir='ltr'>esre:</span> <span class='ocrx_word' id='word_1_209' title='bbox 737 2094 769 2151; x_wconf 83' lang='lat' dir='ltr'>(v.</span> <span class='ocrx_word' id='word_1_210' title='bbox 785 2093 836 2154; x_wconf 81' lang='lat'><strong>76.)</strong></span> <span class='ocrx_word' id='word_1_211' title='bbox 852 2095 912 2140; x_wconf 87' lang='lat' dir='ltr'>hanc</span> <span class='ocrx_word' id='word_1_212' title='bbox 929 2094 1059 2155; x_wconf 84' lang='lat' dir='ltr'>impugnat,</span> 
     </span>
     <span class='ocr_line' id='line_1_26' title="bbox 113 2157 1061 2221; baseline -0.001 -16"><span class='ocrx_word' id='word_1_213' title='bbox 113 2161 232 2206; x_wconf 70' lang='lat' dir='ltr'>contrarii</span> <span class='ocrx_word' id='word_1_214' title='bbox 243 2160 411 2221; x_wconf 83' lang='lat' dir='ltr'>Epicureorum</span> <span class='ocrx_word' id='word_1_215' title='bbox 426 2160 531 2205; x_wconf 83' lang='lat' dir='ltr'>doctriud</span> <span class='ocrx_word' id='word_1_216' title='bbox 542 2161 655 2220; x_wconf 74' lang='lat' dir='ltr'>oppositi.</span> <span class='ocrx_word' id='word_1_217' title='bbox 666 2157 712 2220; x_wconf 82' lang='lat' dir='ltr'>(ur.</span> <span class='ocrx_word' id='word_1_218' title='bbox 724 2157 857 2220; x_wconf 71' lang='lat' dir='ltr'>titt-112)</span> <span class='ocrx_word' id='word_1_219' title='bbox 875 2159 913 2205; x_wconf 78' lang='lat' dir='ltr'>Aa</span> <span class='ocrx_word' id='word_1_220' title='bbox 925 2159 965 2204; x_wconf 92' lang='lat' dir='ltr'>illo</span> <span class='ocrx_word' id='word_1_221' title='bbox 977 2173 1061 2219; x_wconf 87' lang='grc' dir='ltr'>παρα-</span> 
     </span>
     <span class='ocr_line' id='line_1_27' title="bbox 114 2221 1061 2287; baseline 0.001 -17"><span class='ocrx_word' id='word_1_222' title='bbox 114 2221 180 2287; x_wconf 78' lang='grc' dir='ltr'>δόξῳ</span> <span class='ocrx_word' id='word_1_223' title='bbox 198 2226 312 2271; x_wconf 87' lang='lat' dir='ltr'>ad·aliud</span> <span class='ocrx_word' id='word_1_224' title='bbox 331 2226 436 2284; x_wconf 76' lang='lat' dir='ltr'>ejusdem</span> <span class='ocrx_word' id='word_1_225' title='bbox 457 2223 586 2286; x_wconf 74' lang='lat' dir='ltr'>disciplinae</span> <span class='ocrx_word' id='word_1_226' title='bbox 608 2226 637 2271; x_wconf 93' lang='lat' dir='ltr'>de</span> <span class='ocrx_word' id='word_1_227' title='bbox 655 2225 757 2283; x_wconf 81' lang='lat' dir='ltr'>perfecto</span> <span class='ocrx_word' id='word_1_228' title='bbox 779 2224 884 2283; x_wconf 79' lang='lat' dir='ltr'>copient&#39;e</span> <span class='ocrx_word' id='word_1_229' title='bbox 904 2224 1061 2271; x_wconf 86' lang='lat' dir='ltr'>deridendum</span> 
     </span>
     <span class='ocr_line' id='line_1_28' title="bbox 113 2284 1059 2350; baseline 0.002 -15"><span class='ocrx_word' id='word_1_230' title='bbox 113 2291 206 2342; x_wconf 83' lang='lat' dir='ltr'>transit,</span> <span class='ocrx_word' id='word_1_231' title='bbox 233 2290 266 2336; x_wconf 82' lang='lat' dir='ltr'>ita</span> <span class='ocrx_word' id='word_1_232' title='bbox 289 2298 315 2335; x_wconf 90' lang='lat' dir='ltr'>ut</span> <span class='ocrx_word' id='word_1_233' title='bbox 337 2289 407 2336; x_wconf 79' lang='lat' dir='ltr'>alacri</span> <span class='ocrx_word' id='word_1_234' title='bbox 429 2298 454 2336; x_wconf 90' lang='lat' dir='ltr'>et</span> <span class='ocrx_word' id='word_1_235' title='bbox 474 2290 557 2336; x_wconf 75' lang='lat' dir='ltr'>tenire</span> <span class='ocrx_word' id='word_1_236' title='bbox 578 2291 684 2337; x_wconf 72' lang='lat' dir='ltr'>clausula</span> <span class='ocrx_word' id='word_1_237' title='bbox 705 2303 782 2335; x_wconf 76' lang='lat' dir='ltr'>nermo</span> <span class='ocrx_word' id='word_1_238' title='bbox 807 2288 908 2334; x_wconf 83' lang='lat' dir='ltr'>liniatur.</span> <span class='ocrx_word' id='word_1_239' title='bbox 932 2284 969 2350; x_wconf 77' lang='lat' dir='ltr'>(n.</span> <span class='ocrx_word' id='word_1_240' title='bbox 992 2301 1016 2335; x_wconf 83' lang='lat' dir='ltr'>u.</span> <span class='ocrx_word' id='word_1_241' title='bbox 1038 2302 1059 2338; x_wconf 88' lang='lat' dir='ltr'>c.</span> 
     </span>
    </p>

    <p class='ocr_par' dir='ltr' id='par_1_8' title="bbox 108 2351 1061 3585">
     <span class='ocr_line' id='line_1_29' title="bbox 149 2351 1061 2479; baseline 0 -13"><span class='ocrx_word' id='word_1_242' title='bbox 149 2419 219 2466; x_wconf 80' lang='lat' dir='ltr'>l-tt.</span> <span class='ocrx_word' id='word_1_243' title='bbox 239 2351 331 2466; x_wconf 65' lang='lat' dir='ltr'>Feletive</span> <span class='ocrx_word' id='word_1_244' title='bbox 349 2416 415 2465; x_wconf 85' lang='lat' dir='ltr'>miris</span> <span class='ocrx_word' id='word_1_245' title='bbox 437 2418 530 2478; x_wconf 86' lang='lat' dir='ltr'>Tigellii</span> <span class='ocrx_word' id='word_1_246' title='bbox 550 2419 654 2466; x_wconf 74' lang='lat' dir='ltr'>moribus</span> <span class='ocrx_word' id='word_1_247' title='bbox 673 2426 745 2477; x_wconf 86' lang='lat' dir='ltr'>atque</span> <span class='ocrx_word' id='word_1_248' title='bbox 764 2416 920 2463; x_wconf 63' lang='lat' dir='ltr'>inconstantia</span> <span class='ocrx_word' id='word_1_249' title='bbox 942 2416 990 2472; x_wconf 75' lang='lat' dir='ltr'>tlte,</span> <span class='ocrx_word' id='word_1_250' title='bbox 1012 2421 1061 2479; x_wconf 69' lang='lat' dir='ltr'>qud</span> 
     </span>
     <span class='ocr_line' id='line_1_30' title="bbox 113 2482 1061 2546; baseline 0 -14"><span class='ocrx_word' id='word_1_251' title='bbox 113 2499 207 2546; x_wconf 75' lang='lat' dir='ltr'>temper</span> <span class='ocrx_word' id='word_1_252' title='bbox 224 2484 248 2530; x_wconf 93' lang='lat' dir='ltr'>in</span> <span class='ocrx_word' id='word_1_253' title='bbox 265 2485 357 2530; x_wconf 72' lang='lat' dir='ltr'>diuersa</span> <span class='ocrx_word' id='word_1_254' title='bbox 375 2487 482 2531; x_wconf 84' lang='lat' dir='ltr'>aberrare</span> <span class='ocrx_word' id='word_1_255' title='bbox 499 2484 595 2538; x_wconf 81' lang='lat' dir='ltr'>nolebat,</span> <span class='ocrx_word' id='word_1_256' title='bbox 614 2484 648 2528; x_wconf 91' lang='lat' dir='ltr'>ita</span> <span class='ocrx_word' id='word_1_257' title='bbox 664 2482 793 2543; x_wconf 77' lang='lat' dir='ltr'>descriptio,</span> <span class='ocrx_word' id='word_1_258' title='bbox 810 2489 930 2540; x_wconf 86' lang='lat' dir='ltr'>tamquam</span> <span class='ocrx_word' id='word_1_259' title='bbox 945 2483 963 2528; x_wconf 79' lang='lat' dir='ltr'>ai</span> <span class='ocrx_word' id='word_1_260' title='bbox 976 2484 1005 2529; x_wconf 88' lang='lat' dir='ltr'>de</span> <span class='ocrx_word' id='word_1_261' title='bbox 1017 2485 1061 2533; x_wconf 90' lang='lat' dir='ltr'>hoc</span> 
     </span>
     <span class='ocr_line' id='line_1_31' title="bbox 113 2543 1060 2610; baseline 0 -15"><span class='ocrx_word' id='word_1_262' title='bbox 113 2564 163 2595; x_wconf 87' lang='lat' dir='ltr'>uno</span> <span class='ocrx_word' id='word_1_263' title='bbox 174 2549 232 2595; x_wconf 79' lang='lat' dir='ltr'>uitio</span> <span class='ocrx_word' id='word_1_264' title='bbox 243 2547 356 2595; x_wconf 80' lang='lat' dir='ltr'>disserere</span> <span class='ocrx_word' id='word_1_265' title='bbox 369 2550 446 2604; x_wconf 86' lang='lat' dir='ltr'>vellet,</span> <span class='ocrx_word' id='word_1_266' title='bbox 462 2546 532 2610; x_wconf 83' lang='grc' dir='ltr'>παρὰ</span> <span class='ocrx_word' id='word_1_267' title='bbox 544 2543 698 2610; x_wconf 73' lang='grc' dir='ltr'>προσδοκίαν</span> <span class='ocrx_word' id='word_1_268' title='bbox 714 2548 786 2593; x_wconf 89' lang='lat' dir='ltr'>alium</span> <span class='ocrx_word' id='word_1_269' title='bbox 801 2547 891 2593; x_wconf 87' lang='lat' dir='ltr'>inducit</span> <span class='ocrx_word' id='word_1_270' title='bbox 903 2562 923 2592; x_wconf 81' lang='lat' dir='ltr'>r.</span> <span class='ocrx_word' id='word_1_271' title='bbox 937 2547 974 2596; x_wconf 86' lang='grc'>19.</span> <span class='ocrx_word' id='word_1_272' title='bbox 985 2549 1060 2596; x_wconf 90' lang='lat' dir='ltr'>luter-</span> 
     </span>
     <span class='ocr_line' id='line_1_32' title="bbox 112 2613 1059 2674; baseline 0.002 -14"><span class='ocrx_word' id='word_1_273' title='bbox 112 2624 250 2674; x_wconf 82' lang='lat' dir='ltr'>rogantemr</span> <span class='ocrx_word' id='word_1_274' title='bbox 273 2615 335 2664; x_wconf 82' lang='lat' dir='ltr'>Quid</span> <span class='ocrx_word' id='word_1_275' title='bbox 345 2617 392 2660; x_wconf 84' lang='lat' dir='ltr'>tu?</span> <span class='ocrx_word' id='word_1_276' title='bbox 409 2615 511 2661; x_wconf 76' lang='lat' dir='ltr'>Nullane</span> <span class='ocrx_word' id='word_1_277' title='bbox 527 2615 596 2661; x_wconf 74' lang='lat' dir='ltr'>liabeo</span> <span class='ocrx_word' id='word_1_278' title='bbox 611 2615 688 2660; x_wconf 80' lang='lat' dir='ltr'>uitio?</span> <span class='ocrx_word' id='word_1_279' title='bbox 706 2613 742 2658; x_wconf 88' lang='lat' dir='ltr'>De</span> <span class='ocrx_word' id='word_1_280' title='bbox 755 2613 856 2671; x_wconf 76' lang='lat' dir='ltr'>Tigellio</span> <span class='ocrx_word' id='word_1_281' title='bbox 867 2627 888 2658; x_wconf 83' lang='lat' dir='ltr'>v.</span> <span class='ocrx_word' id='word_1_282' title='bbox 900 2614 948 2659; x_wconf 84' lang='lat' dir='ltr'>Sat.</span> <span class='ocrx_word' id='word_1_283' title='bbox 959 2617 1059 2673; x_wconf 79' lang='lat' dir='ltr'>praeced.</span> 
     </span>
     <span class='ocr_line' id='line_1_33' title="bbox 112 2673 1058 2742; baseline 0.002 -17"><span class='ocrx_word' id='word_1_284' title='bbox 112 2679 208 2725; x_wconf 90' lang='lat' dir='ltr'>init.—</span> <span class='ocrx_word' id='word_1_285' title='bbox 219 2675 333 2742; x_wconf 74' lang='lat' dir='ltr'>[Surdae]</span> <span class='ocrx_word' id='word_1_286' title='bbox 353 2679 416 2725; x_wconf 83' lang='lat' dir='ltr'>lneut</span> <span class='ocrx_word' id='word_1_287' title='bbox 427 2673 538 2737; x_wconf 69' lang='grc' dir='ltr'>εἰρωνεία</span> <span class='ocrx_word' id='word_1_288' title='bbox 554 2679 662 2739; x_wconf 72' lang='lat' dir='ltr'>quiedam</span> <span class='ocrx_word' id='word_1_289' title='bbox 678 2677 702 2722; x_wconf 95' lang='lat' dir='ltr'>in</span> <span class='ocrx_word' id='word_1_290' title='bbox 719 2678 762 2724; x_wconf 88' lang='lat' dir='ltr'>hac</span> <span class='ocrx_word' id='word_1_291' title='bbox 778 2677 860 2737; x_wconf 79' lang='lat' dir='ltr'>patriae</span> <span class='ocrx_word' id='word_1_292' title='bbox 870 2679 920 2736; x_wconf 77' lang='lat' dir='ltr'>ejus</span> <span class='ocrx_word' id='word_1_293' title='bbox 932 2680 1058 2727; x_wconf 88' lang='lat' dir='ltr'>mentione.</span> 
     </span>
     <span class='ocr_line' id='line_1_34' title="bbox 114 2742 1059 2804; baseline 0 -14"><span class='ocrx_word' id='word_1_294' title='bbox 114 2744 267 2790; x_wconf 82' lang='lat' dir='ltr'>Proverbrum</span> <span class='ocrx_word' id='word_1_295' title='bbox 286 2753 345 2802; x_wconf 82' lang='lat' dir='ltr'>erut,</span> <span class='ocrx_word' id='word_1_296' title='bbox 367 2745 438 2791; x_wconf 80' lang='lat' dir='ltr'>Sardi</span> <span class='ocrx_word' id='word_1_297' title='bbox 455 2745 564 2796; x_wconf 65' lang='grc' dir='ltr'>νεανίου</span> <span class='ocrx_word' id='word_1_298' title='bbox 584 2745 644 2790; x_wconf 80' lang='lat' dir='ltr'>ulter</span> <span class='ocrx_word' id='word_1_299' title='bbox 662 2745 735 2788; x_wconf 81' lang='lat' dir='ltr'>attero</span> <span class='ocrx_word' id='word_1_300' title='bbox 752 2745 854 2802; x_wconf 77' lang='lat' dir='ltr'>nequior,</span> <span class='ocrx_word' id='word_1_301' title='bbox 870 2750 894 2787; x_wconf 92' lang='lat' dir='ltr'>et</span> <span class='ocrx_word' id='word_1_302' title='bbox 911 2742 1059 2804; x_wconf 83' lang='lat' dir='ltr'>Porphyrion</span> 
     </span>
     <span class='ocr_line' id='line_1_35' title="bbox 113 2807 1061 2870; baseline 0.001 -15"><span class='ocrx_word' id='word_1_303' title='bbox 113 2810 218 2855; x_wconf 82' lang='lat' dir='ltr'>tervavit</span> <span class='ocrx_word' id='word_1_304' title='bbox 236 2809 323 2855; x_wconf 85' lang='lat' dir='ltr'>Licinii</span> <span class='ocrx_word' id='word_1_305' title='bbox 342 2809 407 2856; x_wconf 81' lang='lat' dir='ltr'>Calvi</span> <span class='ocrx_word' id='word_1_306' title='bbox 424 2808 448 2854; x_wconf 91' lang='lat' dir='ltr'>in</span> <span class='ocrx_word' id='word_1_307' title='bbox 468 2808 531 2853; x_wconf 89' lang='lat' dir='ltr'>hunc</span> <span class='ocrx_word' id='word_1_308' title='bbox 550 2808 720 2853; x_wconf 69' lang='lat' dir='ltr'>modulatorem</span> <span class='ocrx_word' id='word_1_309' title='bbox 742 2815 858 2860; x_wconf 78' lang='lat' dir='ltr'>ecezouta,</span> <span class='ocrx_word' id='word_1_310' title='bbox 884 2807 955 2854; x_wconf 82' lang='lat' dir='ltr'>Sardi</span> <span class='ocrx_word' id='word_1_311' title='bbox 976 2809 1061 2870; x_wconf 75' lang='lat' dir='ltr'>Tigelli</span> 
     </span>
     <span class='ocr_line' id='line_1_36' title="bbox 108 2873 1058 2936; baseline 0 -16"><span class='ocrx_word' id='word_1_312' title='bbox 108 2876 217 2936; x_wconf 82' lang='lat' dir='ltr'>putidum</span> <span class='ocrx_word' id='word_1_313' title='bbox 235 2881 304 2934; x_wconf 82' lang='lat' dir='ltr'>capnt</span> <span class='ocrx_word' id='word_1_314' title='bbox 320 2875 381 2920; x_wconf 83' lang='lat' dir='ltr'>uenit</span> <span class='ocrx_word' id='word_1_315' title='bbox 390 2891 398 2925; x_wconf 83' lang='lat'>‚-</span> <span class='ocrx_word' id='word_1_316' title='bbox 416 2873 478 2932; x_wconf 86' lang='lat' dir='ltr'>quod</span> <span class='ocrx_word' id='word_1_317' title='bbox 495 2873 571 2932; x_wconf 78' lang='lat' dir='ltr'>ipsum</span> <span class='ocrx_word' id='word_1_318' title='bbox 584 2873 765 2932; x_wconf 81' lang='lat' dir='ltr'>Hipponactenm</span> <span class='ocrx_word' id='word_1_319' title='bbox 778 2873 916 2930; x_wconf 77' lang='lat' dir='ltr'>praemium</span> <span class='ocrx_word' id='word_1_320' title='bbox 928 2884 994 2919; x_wconf 84' lang='lat' dir='ltr'>vocat</span> <span class='ocrx_word' id='word_1_321' title='bbox 1010 2874 1058 2921; x_wconf 82' lang='lat' dir='ltr'>Cic.</span> 
     </span>
     <span class='ocr_line' id='line_1_37' title="bbox 113 2932 1059 2999; baseline 0 -14"><span class='ocrx_word' id='word_1_322' title='bbox 113 2941 142 2986; x_wconf 84' lang='lat' dir='ltr'>ad</span> <span class='ocrx_word' id='word_1_323' title='bbox 165 2940 231 2985; x_wconf 86' lang='lat' dir='ltr'>Fam.</span> <span class='ocrx_word' id='word_1_324' title='bbox 250 2937 272 2994; x_wconf 81' lang='grc'>7,</span> <span class='ocrx_word' id='word_1_325' title='bbox 293 2939 331 2985; x_wconf 76' lang='lat' dir='ltr'>ut.</span> <span class='ocrx_word' id='word_1_326' title='bbox 343 2935 424 2999; x_wconf 88' lang='lat' dir='ltr'>-[Si</span> <span class='ocrx_word' id='word_1_327' title='bbox 439 2943 566 2997; x_wconf 78' lang='lat' dir='ltr'>peieret·</span> <span class='ocrx_word' id='word_1_328' title='bbox 577 2932 709 2997; x_wconf 77' lang='lat' dir='ltr'>projiceret]</span> <span class='ocrx_word' id='word_1_329' title='bbox 732 2937 770 2982; x_wconf 88' lang='lat' dir='ltr'>‘Si</span> <span class='ocrx_word' id='word_1_330' title='bbox 791 2937 886 2994; x_wconf 87' lang='lat' dir='ltr'>quaudo</span> <span class='ocrx_word' id='word_1_331' title='bbox 905 2934 945 2983; x_wconf 91' lang='lat' dir='ltr'>illo</span> <span class='ocrx_word' id='word_1_332' title='bbox 966 2939 1059 2984; x_wconf 86' lang='lat' dir='ltr'>uolente</span> 
     </span>
     <span class='ocr_line' id='line_1_38' title="bbox 112 2999 1058 3066; baseline -0.003 -15"><span class='ocrx_word' id='word_1_333' title='bbox 112 3007 216 3066; x_wconf 84' lang='lat' dir='ltr'>petebat,</span> <span class='ocrx_word' id='word_1_334' title='bbox 229 3003 289 3049; x_wconf 84' lang='lat' dir='ltr'>nintt</span> <span class='ocrx_word' id='word_1_335' title='bbox 300 3018 403 3063; x_wconf 87' lang='lat' dir='ltr'>uuquam</span> <span class='ocrx_word' id='word_1_336' title='bbox 415 3001 564 3062; x_wconf 78' lang='lat' dir='ltr'>proficiebat.¹</span> <span class='ocrx_word' id='word_1_337' title='bbox 600 3000 761 3061; x_wconf 79' lang='lat' dir='ltr'>conjunctirlo</span> <span class='ocrx_word' id='word_1_338' title='bbox 770 2999 784 3026; x_wconf 79' lang='lat'>⁸</span> <span class='ocrx_word' id='word_1_339' title='bbox 797 3009 903 3061; x_wconf 91' lang='lat' dir='ltr'>tempora</span> <span class='ocrx_word' id='word_1_340' title='bbox 914 3003 1009 3063; x_wconf 84' lang='lat' dir='ltr'>locaque</span> <span class='ocrx_word' id='word_1_341' title='bbox 1020 3003 1058 3049; x_wconf 90' lang='lat' dir='ltr'>iu·</span> 
     </span>
     <span class='ocr_line' id='line_1_39' title="bbox 112 3061 1059 3128; baseline -0.003 -12"><span class='ocrx_word' id='word_1_342' title='bbox 112 3069 188 3126; x_wconf 75' lang='lat' dir='ltr'>finita,</span> <span class='ocrx_word' id='word_1_343' title='bbox 212 3069 296 3128; x_wconf 80' lang='lat' dir='ltr'>quibua</span> <span class='ocrx_word' id='word_1_344' title='bbox 318 3067 376 3114; x_wconf 91' lang='lat' dir='ltr'>illud</span> <span class='ocrx_word' id='word_1_345' title='bbox 398 3067 477 3124; x_wconf 85' lang='lat' dir='ltr'>flebat,</span> <span class='ocrx_word' id='word_1_346' title='bbox 498 3062 760 3126; x_wconf 70' lang='lat' dir='ltr'>significantur—[ai</span> <span class='ocrx_word' id='word_1_347' title='bbox 779 3061 830 3125; x_wconf 85' lang='lat' dir='ltr'>ooo]</span> <span class='ocrx_word' id='word_1_348' title='bbox 854 3067 945 3112; x_wconf 87' lang='lat' dir='ltr'>‘Ovum</span> <span class='ocrx_word' id='word_1_349' title='bbox 964 3067 1059 3113; x_wconf 87' lang='lat' dir='ltr'>initium</span> 
     </span>
     <span class='ocr_line' id='line_1_40' title="bbox 112 3131 1058 3194; baseline -0.005 -13"><span class='ocrx_word' id='word_1_350' title='bbox 112 3149 186 3182; x_wconf 72' lang='lat' dir='ltr'>eoenoe</span> <span class='ocrx_word' id='word_1_351' title='bbox 208 3143 266 3190; x_wconf 86' lang='lat' dir='ltr'>erut,</span> <span class='ocrx_word' id='word_1_352' title='bbox 284 3133 371 3194; x_wconf 91' lang='lat' dir='ltr'>qnippe</span> <span class='ocrx_word' id='word_1_353' title='bbox 389 3133 453 3193; x_wconf 87' lang='lat' dir='ltr'>quod</span> <span class='ocrx_word' id='word_1_354' title='bbox 474 3131 499 3178; x_wconf 91' lang='lat' dir='ltr'>in</span> <span class='ocrx_word' id='word_1_355' title='bbox 519 3131 651 3189; x_wconf 75' lang='lat' dir='ltr'>gustatione</span> <span class='ocrx_word' id='word_1_356' title='bbox 670 3132 749 3176; x_wconf 79' lang='lat' dir='ltr'>rtatim</span> <span class='ocrx_word' id='word_1_357' title='bbox 767 3145 781 3176; x_wconf 92' lang='lat' dir='ltr'>a</span> <span class='ocrx_word' id='word_1_358' title='bbox 799 3131 887 3176; x_wconf 82' lang='lat' dir='ltr'>balneio</span> <span class='ocrx_word' id='word_1_359' title='bbox 905 3132 1058 3185; x_wconf 73' lang='lat' dir='ltr'>offerebaturr</span> 
     </span>
     <span class='ocr_line' id='line_1_41' title="bbox 111 3192 1057 3262; baseline -0.006 -16"><span class='ocrx_word' id='word_1_360' title='bbox 111 3214 183 3262; x_wconf 89' lang='lat' dir='ltr'>poma</span> <span class='ocrx_word' id='word_1_361' title='bbox 195 3212 251 3245; x_wconf 82' lang='lat' dir='ltr'>reto</span> <span class='ocrx_word' id='word_1_362' title='bbox 262 3212 315 3244; x_wconf 91' lang='lat' dir='ltr'>cnm</span> <span class='ocrx_word' id='word_1_363' title='bbox 328 3196 429 3244; x_wconf 77' lang='lat' dir='ltr'>bellariis</span> <span class='ocrx_word' id='word_1_364' title='bbox 444 3196 469 3242; x_wconf 92' lang='lat' dir='ltr'>in</span> <span class='ocrx_word' id='word_1_365' title='bbox 487 3194 596 3244; x_wconf 76' lang='lat' dir='ltr'>secundia</span> <span class='ocrx_word' id='word_1_366' title='bbox 610 3194 697 3241; x_wconf 78' lang='lat' dir='ltr'>mensio</span> <span class='ocrx_word' id='word_1_367' title='bbox 712 3195 794 3241; x_wconf 66' lang='lat' dir='ltr'>erant!</span> <span class='ocrx_word' id='word_1_368' title='bbox 827 3192 1057 3256; x_wconf 77' lang='lat' dir='ltr'>Soloi-[citaret]</span> 
     </span>
     <span class='ocr_line' id='line_1_42' title="bbox 111 3261 1059 3321; baseline -0.004 -10"><span class='ocrx_word' id='word_1_369' title='bbox 111 3265 190 3311; x_wconf 73' lang='lat' dir='ltr'>‘clari</span> <span class='ocrx_word' id='word_1_370' title='bbox 202 3279 258 3310; x_wconf 83' lang='lat' dir='ltr'>voce</span> <span class='ocrx_word' id='word_1_371' title='bbox 274 3271 384 3318; x_wconf 86' lang='lat' dir='ltr'>cantaret,</span> <span class='ocrx_word' id='word_1_372' title='bbox 402 3270 428 3308; x_wconf 91' lang='lat' dir='ltr'>ut</span> <span class='ocrx_word' id='word_1_373' title='bbox 440 3261 488 3309; x_wconf 78' lang='lat' dir='ltr'>cte.</span> <span class='ocrx_word' id='word_1_374' title='bbox 501 3262 530 3307; x_wconf 88' lang='lat' dir='ltr'>de</span> <span class='ocrx_word' id='word_1_375' title='bbox 542 3262 606 3308; x_wconf 83' lang='lat' dir='ltr'>Orat.</span> <span class='ocrx_word' id='word_1_376' title='bbox 620 3261 641 3316; x_wconf 89' lang='grc'>1,</span> <span class='ocrx_word' id='word_1_377' title='bbox 652 3261 690 3316; x_wconf 77' lang='grc'>59,</span> <span class='ocrx_word' id='word_1_378' title='bbox 705 3275 807 3321; x_wconf 81' lang='lat' dir='ltr'>paennern</span> <span class='ocrx_word' id='word_1_379' title='bbox 821 3263 911 3312; x_wconf 61' lang='lat' dir='ltr'>citaret</span> <span class='ocrx_word' id='word_1_380' title='bbox 928 3274 962 3320; x_wconf 84' lang='lat' dir='ltr'>pr.</span> <span class='ocrx_word' id='word_1_381' title='bbox 974 3264 980 3285; x_wconf 79' lang='lat'>⁴</span> <span class='ocrx_word' id='word_1_382' title='bbox 990 3274 1059 3307; x_wconf 77' lang='lat' dir='ltr'>conoe</span> 
     </span>
     <span class='ocr_line' id='line_1_43' title="bbox 110 3322 1059 3389; baseline -0.006 -13"><span class='ocrx_word' id='word_1_383' title='bbox 110 3329 181 3384; x_wconf 85' lang='lat' dir='ltr'>ciere,</span> <span class='ocrx_word' id='word_1_384' title='bbox 200 3328 350 3374; x_wconf 83' lang='lat' dir='ltr'>morere&#39;—</span> <span class='ocrx_word' id='word_1_385' title='bbox 361 3325 400 3389; x_wconf 89' lang='lat' dir='ltr'>[Io</span> <span class='ocrx_word' id='word_1_386' title='bbox 419 3322 520 3388; x_wconf 80' lang='lat' dir='ltr'>Bacche]</span> <span class='ocrx_word' id='word_1_387' title='bbox 537 3326 632 3372; x_wconf 89' lang='lat' dir='ltr'>initium</span> <span class='ocrx_word' id='word_1_388' title='bbox 649 3325 745 3372; x_wconf 75' lang='lat' dir='ltr'>fortunae</span> <span class='ocrx_word' id='word_1_389' title='bbox 762 3324 855 3380; x_wconf 86' lang='lat' dir='ltr'>cantici,</span> <span class='ocrx_word' id='word_1_390' title='bbox 874 3325 937 3383; x_wconf 91' lang='lat' dir='ltr'>quod</span> <span class='ocrx_word' id='word_1_391' title='bbox 956 3323 995 3370; x_wconf 92' lang='lat' dir='ltr'>ille</span> <span class='ocrx_word' id='word_1_392' title='bbox 1013 3324 1059 3371; x_wconf 84' lang='lat' dir='ltr'>ire·</span> 
     </span>
     <span class='ocr_line' id='line_1_44' title="bbox 110 3388 1061 3455; baseline -0.005 -15"><span class='ocrx_word' id='word_1_393' title='bbox 110 3404 214 3455; x_wconf 87' lang='lat' dir='ltr'>quenter</span> <span class='ocrx_word' id='word_1_394' title='bbox 231 3395 346 3446; x_wconf 81' lang='lat' dir='ltr'>cantubut,</span> <span class='ocrx_word' id='word_1_395' title='bbox 366 3391 411 3438; x_wconf 83' lang='lat' dir='ltr'>uiui</span> <span class='ocrx_word' id='word_1_396' title='bbox 430 3407 473 3452; x_wconf 92' lang='lat' dir='ltr'>pro</span> <span class='ocrx_word' id='word_1_397' title='bbox 491 3391 573 3451; x_wconf 73' lang='lat' dir='ltr'>quavis</span> <span class='ocrx_word' id='word_1_398' title='bbox 590 3391 708 3438; x_wconf 74' lang='lat' dir='ltr'>cautilend</span> <span class='ocrx_word' id='word_1_399' title='bbox 725 3391 839 3437; x_wconf 78' lang='lat' dir='ltr'>convivali</span> <span class='ocrx_word' id='word_1_400' title='bbox 858 3388 960 3448; x_wconf 69' lang='lat' dir='ltr'>potitum</span> <span class='ocrx_word' id='word_1_401' title='bbox 977 3396 1061 3435; x_wconf 78' lang='lat' dir='ltr'>eat.-</span> 
     </span>
     <span class='ocr_line' id='line_1_45' title="bbox 111 3452 1059 3520; baseline -0.004 -14"><span class='ocrx_word' id='word_1_402' title='bbox 111 3455 191 3520; x_wconf 77' lang='lat' dir='ltr'>[modo</span> <span class='ocrx_word' id='word_1_403' title='bbox 202 3454 301 3518; x_wconf 67' lang='lat' dir='ltr'>rammi]</span> <span class='ocrx_word' id='word_1_404' title='bbox 319 3456 450 3516; x_wconf 75' lang='lat' dir='ltr'>‘Tigellius</span> <span class='ocrx_word' id='word_1_405' title='bbox 466 3458 535 3503; x_wconf 90' lang='lat' dir='ltr'>modo</span> <span class='ocrx_word' id='word_1_406' title='bbox 553 3458 664 3502; x_wconf 86' lang='lat' dir='ltr'>utebatur</span> <span class='ocrx_word' id='word_1_407' title='bbox 678 3457 706 3501; x_wconf 81' lang='lat' dir='ltr'>ed</span> <span class='ocrx_word' id='word_1_408' title='bbox 717 3469 781 3511; x_wconf 85' lang='lat' dir='ltr'>voce,</span> <span class='ocrx_word' id='word_1_409' title='bbox 796 3467 849 3514; x_wconf 68' lang='lat' dir='ltr'>quc</span> <span class='ocrx_word' id='word_1_410' title='bbox 863 3452 955 3497; x_wconf 70' lang='lat' dir='ltr'>cummi</span> <span class='ocrx_word' id='word_1_411' title='bbox 971 3453 1059 3501; x_wconf 73' lang='lat' dir='ltr'>chordd</span> 
     </span>
     <span class='ocr_line' id='line_1_46' title="bbox 110 3516 1060 3585; baseline -0.005 -14"><span class='ocrx_word' id='word_1_412' title='bbox 110 3523 271 3571; x_wconf 81' lang='lat' dir='ltr'>tetrachordi&#39;</span> <span class='ocrx_word' id='word_1_413' title='bbox 289 3519 349 3585; x_wconf 89' lang='lat' dir='ltr'>(quo</span> <span class='ocrx_word' id='word_1_414' title='bbox 368 3536 438 3568; x_wconf 75' lang='lat' dir='ltr'>nouos</span> <span class='ocrx_word' id='word_1_415' title='bbox 457 3519 646 3576; x_wconf 82' lang='lat' dir='ltr'>modulabantur,</span> <span class='ocrx_word' id='word_1_416' title='bbox 665 3528 693 3566; x_wconf 88' lang='lat' dir='ltr'>nt</span> <span class='ocrx_word' id='word_1_417' title='bbox 710 3519 737 3565; x_wconf 81' lang='lat' dir='ltr'>fit</span> <span class='ocrx_word' id='word_1_418' title='bbox 754 3520 780 3564; x_wconf 92' lang='lat' dir='ltr'>in</span> <span class='ocrx_word' id='word_1_419' title='bbox 799 3527 878 3563; x_wconf 76' lang='lat' dir='ltr'>nostro</span> <span class='ocrx_word' id='word_1_420' title='bbox 899 3516 995 3579; x_wconf 76' lang='lat' dir='ltr'>nioliar)</span> <span class='ocrx_word' id='word_1_421' title='bbox 1013 3520 1060 3584; x_wconf 72' lang='grc' dir='ltr'>’τῇ</span> 
     </span>
    </p>
   </div>
   <div class='ocr_carea' id='block_1_7' title="bbox 373 3653 797 3706">
    <p class='ocr_par' dir='ltr' id='par_1_9' title="bbox 373 3653 797 3706">
     <span class='ocr_line' id='line_1_47' title="bbox 373 3653 797 3706; baseline -0.012 -9"><span class='ocrx_word' id='word_1_422' title='bbox 373 3659 385 3685; x_wconf 78' lang='grc'><em>·</em></span> <span class='ocrx_word' id='word_1_423' title='bbox 398 3657 413 3696; x_wconf 90' lang='grc'>1.</span> <span class='ocrx_word' id='word_1_424' title='bbox 422 3667 440 3697; x_wconf 84' lang='lat' dir='ltr'>o.</span> <span class='ocrx_word' id='word_1_425' title='bbox 449 3655 594 3706; x_wconf 62' lang='lat' dir='ltr'>Subiunctlnlr,</span> <span class='ocrx_word' id='word_1_426' title='bbox 604 3657 630 3694; x_wconf 86' lang='lat' dir='ltr'>ut</span> <span class='ocrx_word' id='word_1_427' title='bbox 638 3663 677 3694; x_wconf 76' lang='lat' dir='ltr'>noe</span> <span class='ocrx_word' id='word_1_428' title='bbox 685 3653 797 3704; x_wconf 81' lang='lat' dir='ltr'>loquimur.</span> 
     </span>
    </p>
   </div>
   <div class='ocr_carea' id='block_1_8' title="bbox 0 0 1226 4059">
    <p class='ocr_par' dir='ltr' id='par_1_10' title="bbox 0 0 1226 4059">
     <span class='ocr_line' id='line_1_48' title="bbox 0 0 1226 4059; baseline 0 0"><span class='ocrx_word' id='word_1_429' title='bbox 0 0 1226 4059; x_wconf 95' lang='lat' dir='ltr'> </span> 
     </span>
    </p>
   </div>
  </div>
 </body>
</html>
