2442 4059
377 289 577 334 surrnnaum
597 289 666 333 urs.
682 290 720 332 rr.
735 276 767 335 2.
998 274 1036 334 31

101 443 249 509 Membra
262 441 357 517 dedit,
374 454 503 528 vegetus
519 442 694 528 praescripta
708 442 746 505 ad
761 440 867 505 munia
880 441 988 528 surgit

104 532 167 595 Hic
182 546 284 595 tumen
299 529 336 593 ad
353 529 462 593 melius
478 530 590 613 poterit
604 541 810 593 transcurrere
826 528 991 613 quondam,

56 638 60 645 ·
102 619 176 681 Sive
191 618 274 680 diem
289 616 401 679 festum
416 615 537 679 rediens
551 614 711 679 advexerit
723 636 832 692 annus,

103 705 168 768 Seu
182 724 320 766 recreare
335 700 417 764 volet
432 714 591 765 tenuatum
607 723 726 787 corpus,
743 701 837 764 ubive

102 790 266 853 Accedent
278 787 361 861 anni,
378 802 410 851 et
424 787 544 851 tractari
559 787 682 851 mollius
697 800 769 851 aetus
996 792 1036 850 85

102 874 264 939 Imbecilla
278 873 369 937 volet.
414 872 488 937 Tibi
503 872 650 958 quidnam
664 872 791 937 accedet
803 872 843 936 ad
857 872 956 948 istam,

102 961 206 1036 Quam
221 982 299 1046 puer
313 972 346 1024 et
361 959 477 1023 validus
492 960 660 1043 praesumis,
676 959 845 1034 mollitiem,
861 981 917 1023 seu

102 1048 193 1111 Dura
207 1044 350 1111 valetudo
364 1046 515 1121 inciderit,
531 1066 586 1109 seu
601 1045 688 1110 tarda
702 1044 867 1109 senectus?

104 1132 278 1199 Rancidum
293 1152 400 1215 aprum
415 1131 534 1216 antiqui
550 1132 723 1208 laudabant,
741 1154 801 1195 non
819 1132 891 1216 quia
905 1154 996 1196 nasus

103 1220 169 1283 lllis
181 1218 283 1282 nullus
293 1230 370 1291 erat3
386 1216 449 1293 sed,
461 1218 560 1294 credo,
573 1218 630 1281 hac
645 1232 757 1292 mente,
770 1219 852 1303 quod
868 1217 978 1304 hospes
993 1225 1034 1281 90

102 1305 237 1370 Tardius
250 1304 417 1368 adveniens
431 1304 571 1367 vitiatum
586 1303 784 1379 commodius,
801 1327 894 1389 quam

103 1392 264 1478 lntegrum
277 1390 355 1454 edax
367 1389 507 1453 dominus
519 1404 720 1453 consumeret
744 1390 813 1455 Hos
827 1390 944 1455 utinam
955 1390 1037 1454 inter

102 1478 223 1542 Heroas
239 1489 344 1541 natum
361 1476 451 1540 tellus
466 1497 515 1538 me
531 1476 630 1561 prima
642 1474 781 1542 tulisset!

99 1564 169 1629 Das
183 1563 299 1649 aliquid
314 1564 412 1638 lamae,
452 1584 499 1626 uae
513 1562 648 1625 carmine
662 1562 776 1709 {ratior
789 1585 895 1626 aurem

101 1650 247 1735 Occupet
261 1585 450 1712 humanaml
492 1648 664 1712 Grandesr
687 1647 768 1711 ombi
783 1648 959 1733 patinasque
994 1654 1035 1710 95

102 1735 230 1801 Grande
245 1735 349 1798 ferunt
365 1756 425 1798 una
439 1757 509 1797 curn
523 1734 636 1797 damno
650 1732 792 1797 dedecus.
838 1735 929 1799 Adde

100 1823 219 1886 lratum
235 1836 387 1907 patruum,
404 1820 528 1896 vicinos,
545 1834 576 1884 te
592 1820 649 1884 tibi
664 1820 814 1904 iniquum,

101 1906 146 1971 Et
160 1907 271 1971 frustra
286 1907 391 1971 mortis
406 1906 561 1991 cupidum,
578 1928 647 1969 cum
664 1906 763 1970 deerit
777 1906 883 1993 egenti

101 1994 158 2071 As,
176 1993 277 2079 laquei
293 1992 435 2079 pretium.
478 1991 564 2068 Jure,
582 1992 693 2076 inquit,
711 1992 859 2075 Transius
873 1992 940 2057 istis

98 2080 121 2143 J
124 2093 251 2165 urgatur
265 2079 382 2142 verbis:
407 2100 466 2165 ego
481 2078 645 2165 vectigalia
659 2101 771 2165 magna
974 2081 1034 2140 100

98 2165 300 2251 Divitiasque
316 2164 413 2228 habeo
427 2164 525 2228 tribus
538 2165 655 2249 amplas
670 2165 804 2251 regibus.
849 2162 945 2249 Ergo,

100 2250 198 2327 Quod
212 2262 345 2336 superat,
361 2273 421 2313 non
439 2263 495 2325 est,
511 2250 621 2313 melius
637 2272 698 2335 quo
713 2252 867 2313 insumere
881 2247 1002 2334 possis?

99 2337 168 2401 Cur
183 2360 200 2400 e
224 2350 257 2402 et
270 2336 416 2423 indignus
431 2336 592 2421 quisquam
607 2348 638 2400 te
653 2334 771 2400 divite?
793 2358 888 2420 quare

99 2361 236 2508 Templa
250 2436 344 2487 ruunt
356 2422 484 2507 antiqua
498 2421 614 2485 deum?
635 2444 699 2497 cur,
715 2419 863 2506 improbe,
880 2442 957 2485 carae

98 2508 173 2572 Nou
189 2509 306 2593 aliquid
322 2509 428 2593 patriae
444 2520 528 2572 tanto
544 2507 679 2572 emetiris
693 2506 827 2571 acervo?
976 2510 1035 2569 105

98 2595 167 2660 Uni
184 2595 327 2657 nimirum
343 2595 399 2658 tibi
414 2606 634 2678 rectesemper
649 2607 739 2657 erunt
753 2592 824 2657 res?

98 2680 131 2744 Ο
146 2703 279 2766 magnus
294 2680 419 2767 posthac
433 2680 564 2743 inimicis
579 2678 676 2745 risus!
724 2679 844 2744 Uterne

98 2767 151 2830 Ad
168 2790 255 2831 casus
270 2766 378 2831 dubios
393 2766 468 2831 fidet
483 2766 540 2830 sibi
556 2765 692 2831 certius?
714 2766 773 2839 hic,
790 2766 843 2850 qui

99 2852 246 2917 Pluribus
260 2853 390 2917 assuerit
404 2863 539 2915 mentem
555 2874 728 2937 corpusque
742 2851 918 2936 superbum,

97 2939 151 3001 An
167 2939 233 3024 qui,
250 2951 412 3003 contentus
427 2960 520 3023 parvo
535 2951 738 3023 metuensque
752 2937 858 3014 futuri,
974 2940 1034 2998 110

96 3024 136 3087 111
155 3047 240 3109 pace,
257 3039 292 3089 ut
306 3025 437 3110 sapiens,
453 3024 564 3109 aptarit
579 3023 689 3088 idonea
705 3022 811 3087 bello?

98 3109 175 3185 Quo
190 3110 288 3197 magis
303 3110 350 3174 his
364 3111 478 3186 credas,
494 3132 572 3195 puer
588 3110 669 3173 bunc
684 3133 744 3195 ego
758 3132 870 3195 parvus
886 3107 1022 3172 Ofellam

97 3196 235 3283 Integris
249 3196 359 3281 opibus
373 3197 445 3259 novi
460 3218 521 3259 non
537 3196 628 3259 latius
644 3218 742 3271 usum,

97 3282 205 3357 Quam
220 3305 303 3346 nunc
317 3282 432 3346 accisis.
477 3281 592 3345 Videas
606 3294 722 3347 metato
736 3281 768 3344 in
783 3304 800 3344 a
825 3281 884 3344 ello

97 3368 180 3432 Cum
196 3390 308 3453 pecore
324 3381 356 3433 et
369 3369 471 3454 gnatis
485 3368 595 3431 fortem
611 3367 753 3431 mercede
769 3304 920 3441 colonum,
973 3366 1033 3426 115

96 3454 170 3518 Νοη
188 3476 259 3540 ego,
275 3468 458 3530 narrantem,
475 3465 591 3517 temere
607 3454 656 3517 edi
672 3455 740 3517 luce
756 3452 889 3538 profestis

96 3540 280 3625 Quidquam
295 3554 406 3626 praeter
420 3540 487 3603 olus
501 3540 628 3603 fumosae
643 3562 711 3603 cum
727 3537 807 3622 pede
822 3556 947 3621 peruae.¹

97 3628 147 3691 Ac
162 3625 250 3703 mihi,
265 3646 322 3691 seu
336 3626 463 3711 longum
479 3637 548 3711 post
563 3638 684 3771 tpmpus
699 3635 826 3686 venerat
841 3620 960 3704 hospes,

538 3730 556 3774 c
