2442 4059
164 310 206 369 64
425 326 669 377 arrsronnrrun
691 312 760 373 ιη’.
776 328 799 371 1.
816 312 845 379 7.

166 476 304 542 Adducit
318 477 429 554 febres,
445 488 478 542 et
492 488 677 543 testamenta
691 479 837 565 resignat.

166 562 286 638 Quodsi
301 564 411 629 bruma
425 564 512 628 nives
529 563 660 629 Albanis
674 564 776 629 illinet
789 564 881 651 agris,
1068 567 1108 629 10

164 648 216 713 Ad
231 671 315 713 mare
330 649 497 715 descendet
511 662 596 716 vates
611 662 692 727 tuus,
708 662 741 715 et
754 650 812 715 sibi
828 661 943 735 parcet,

166 732 412 821 Contractusque
427 735 532 823 leget;
555 748 596 813 te,
612 735 711 801 dulcis
725 736 835 817 amice,
850 736 964 801 reviset

165 820 246 885 Cum
264 820 426 908 Zephyris,
443 824 467 887 si
484 822 644 899 concedes,
661 833 694 886 et
708 821 872 886 hirundine
887 822 996 908 primi.

163 905 247 983 Non,
264 931 326 993 quo
340 930 425 972 more
440 908 525 995 pyris
540 909 624 973 vesci
640 907 772 972 Calaber
782 909 873 994 jubet
888 909 1009 995 hospes,

163 991 216 1056 Tu
231 1015 281 1057 me
296 994 396 1059 fecisti
411 995 607 1080 locupletem.
655 994 876 1059 Vereereroder.
1066 999 1104 1061 15

160 1077 232 1142 Jam
248 1079 320 1143 satis
335 1091 391 1145 est.
435 1080 479 1145 At
493 1091 525 1143 tu
540 1084 729 1166 quantumvis
742 1081 817 1144 tolle.
863 1078 1018 1167 Benigne.

161 1164 233 1228 Non
247 1167 435 1251 invisaferes
444 1168 550 1251 pueris
563 1168 736 1231 munuscula
746 1170 864 1250 parvis.
1003 1175 1009 1187 ‘

161 1249 242 1315 Tam
259 1265 367 1317 teneor
381 1251 472 1329 dono,
489 1274 581 1337 quam
597 1252 623 1316 si
638 1251 774 1315 dimittar
787 1264 925 1319 onustus.

166 1337 207 1400 Ut
221 1339 308 1401 libet:
331 1341 392 1403 ltoee
400 1342 503 1424 porcis
517 1340 603 1401 bodie
617 1340 790 1401 comedendo
804 1341 956 1424 relinquis.

160 1422 316 1511 Prodigus
331 1436 364 1488 et
377 1424 488 1490 stultus
504 1424 606 1502 donat,
625 1446 695 1510 quae
709 1424 828 1509 spernit
842 1438 874 1489 et
888 1424 962 1489 odit.
1058 1428 1103 1489 20

161 1508 242 1573 Haec
255 1532 345 1594 seges
360 1511 497 1598 ingratos
512 1511 592 1588 tulit,
610 1522 642 1575 et
656 1510 736 1575 feret
750 1510 893 1574 omnibus
907 1510 1006 1576 annis.

160 1595 218 1659 Vir
233 1595 331 1661 bonus
347 1608 379 1662 et
393 1598 515 1682 sapiens
530 1597 634 1683 dignis
647 1596 691 1661 ait
705 1618 772 1660 esse
787 1610 929 1681 paratus3

158 1679 230 1745 Nec
245 1693 347 1746 tamen
363 1684 494 1768 ignorat,
511 1683 586 1768 quid
601 1682 717 1747 distent
729 1704 791 1747 aera
805 1682 928 1767 lupinis.

158 1765 302 1854 Dignum
318 1769 468 1854 prestabo
482 1791 532 1832 me
548 1768 642 1832 etiam
657 1790 712 1854 pro
727 1767 818 1831 laude
833 1768 992 1835 merentis.

159 1852 280 1927 Quodsi
297 1878 346 1919 me
361 1855 447 1919 noles
463 1876 591 1940 usquam
607 1853 775 1930 discedere,
791 1853 901 1919 reddes
1055 1858 1100 1919 25

159 1937 253 2005 Forte
268 1940 357 2017 latus,
374 1940 479 2027 nigros
493 1940 628 2027 angustb
642 1940 741 2004 fronte
758 1939 903 2025 capillos3

159 2024 285 2090 Reddes
300 2026 390 2090 dulce
405 2026 508 2112 loqui;
526 2026 637 2090 reddes
651 2025 751 2090 ridere
765 2023 920 2091 decorum.

158 2110 253 2177 Forte
267 2135 323 2198 per
337 2125 500 2198 angustam
516 2112 618 2177 tenuis
632 2110 770 2176 nitedula
784 2112 892 2175 rimam

158 2196 312 2284 Repserat
326 2198 359 2261 in
375 2220 529 2263 cumeram
545 2197 708 2274 frumenti3
731 2211 880 2283 pastaque
895 2220 998 2263 rursus

156 2282 208 2347 Ire
223 2284 303 2349 foras
317 2285 410 2371 pleno
426 2284 573 2349 tendebat
587 2306 714 2369 corpore
729 2284 858 2348 frustra:
1055 2288 1100 2349 30

157 2368 219 2433 Cui
234 2371 365 2435 mustela
380 2370 497 2457 procul,
514 2370 549 2435 Si
564 2370 620 2446 vis,
636 2369 689 2446 ait,
704 2369 845 2456 effugere
860 2369 961 2447 istinc,

156 2454 268 2521 Macra
282 2480 391 2522 cavum
405 2469 528 2542 repetes
542 2468 671 2533 arctum,
688 2478 781 2541 quem
796 2478 899 2521 macra
913 2453 1032 2520 subisti.

156 2541 228 2607 Hac
240 2565 302 2628 ego
317 2543 342 2605 si
358 2542 525 2627 compellor
539 2542 685 2629 imagine,
702 2554 813 2605 cuncta
827 2542 968 2629 resigno:

155 2626 225 2692 Nec
239 2651 381 2692 somnum
396 2627 496 2713 plebis
512 2626 612 2704 laudo,
629 2639 713 2691 satur
727 2627 868 2705 altilium,
885 2650 943 2693 nec

155 2712 231 2778 Otia
246 2713 360 2779 divitiis
376 2714 514 2777 Arabum
531 2713 686 2778 liberrima
701 2726 797 2779 muto.
884 2757 888 2761 Α
1053 2716 1096 2779 35

155 2799 246 2885 Saepe
262 2799 470 2863 verecundum
484 2799 633 2875 laudasti3
657 2822 775 2885 rexque
790 2810 940 2885 paterque

153 2885 280 2950 Audisti
295 2908 416 2960 coram3
440 2908 498 2951 nec
513 2886 607 2949 verbo
622 2886 743 2971 parcius
757 2886 887 2951 absens:

154 2971 288 3058 Inspice,
305 2973 331 3035 si
347 2994 470 3058 possum
485 2971 598 3036 donata
611 2994 763 3058 reponere
779 2972 876 3036 laetus.

152 3057 248 3123 Haud
264 3058 343 3121 male
360 3057 576 3134 Telemachus,
593 3059 696 3145 proles
711 3057 857 3144 patientis
873 3057 1003 3123 Ulixeir

152 3144 224 3207 Noa
238 3153 280 3207 est
293 3154 382 3227 optus
396 3144 478 3229 equis
491 3144 594 3209 Ithace
608 3147 706 3219 locus,·
730 3155 764 3207 αἱ
777 3167 867 3229 nepae
876 3147 980 3229 planis
1051 3146 1095 3207 40

151 3234 312 3296 Porrectus
325 3233 441 3313 spatiis,
457 3251 547 3315 neque
561 3233 660 3295 multae
674 3232 819 3316 prodigus
831 3232 948 3295 hubo:

151 3316 270 3392 Atride,
287 3319 384 3401 mopis
397 3325 469 3398 apta
484 3318 540 3379 titt
554 3326 606 3381 tua
620 3318 698 3380 dona
713 3318 887 3401 relinquam.

153 3401 288 3466 Parvum
304 3423 398 3487 parva
412 3400 541 3465 decent:
565 3402 640 3465 mibi
651 3402 717 3486 jam
733 3424 794 3465 non
811 3424 844 3465 re
868 3402 897 3467 ‘a
913 3402 1023 3479 Roma,

154 3486 217 3551 Sed
233 3509 362 3552 vacuum
379 3485 481 3550 Tibur
495 3485 606 3571 placet,
622 3501 677 3552 aut
690 3487 815 3550 imbelle
864 3499 1017 3553 arentum.

154 3573 306 3637 Strenuus
321 3588 353 3639 et
366 3571 464 3648 fortis,
481 3572 641 3657 causisque
659 3571 821 3659 Philippus
835 3574 965 3659 agendis
1050 3577 1095 3637 45

154 3661 274 3737 Clarus,
291 3659 330 3723 ab
345 3657 451 3727 officiis
465 3670 604 3723 octavam
620 3657 741 3724 circiter
756 3656 861 3726 horam
