2442 4059
366 189 606 252 nersronar'ruru
630 207 698 253 nra.
715 208 752 252 u.
768 192 798 252 Q.
1008 195 1050 254 95

111 362 220 439 Quum
236 372 359 447 segetes
374 373 469 438 occat,
487 359 543 424 tibi
558 383 630 424 mox
645 361 800 425 frumenta
814 359 946 438 daturas,
990 365 1050 425 160

110 449 162 513 Tc
178 449 336 512 dominum
352 449 461 512 sentit:
485 447 538 512 das
554 469 705 524 nummos,
720 445 833 531 accipis
849 469 949 524 uvam,

110 535 231 610 Pullos,
247 557 314 608 ova,
331 533 438 598 cadum
457 532 581 597 temeti:
605 555 717 618 nempe
732 533 823 597 modo
838 532 899 597 isto

110 620 278 685 Paullatim
295 620 437 684 mercaris
451 641 569 705 agrum,
585 617 712 683 fortasse
728 619 883 695 trecentis,

110 705 179 771 Aut
194 706 287 771 etiam
302 727 403 791 snpra,
420 727 615 770 nummorum
631 704 765 768 millibus
780 719 928 790 emptum.

111 791 199 867 Quid
214 793 317 868 refert,
334 791 418 856 vivas
433 803 593 856 numerato
609 813 709 876 nuper
722 813 762 855 an
778 789 877 855 olim?
988 797 1048 857 165

109 877 243 964 Emptor
259 877 378 941 Aricini
394 877 548 963 qnondam
561 876 706 941 Veientis
720 890 752 941 et
765 877 831 942 arvi

110 963 262 1050 Emptum
277 975 379 1028 coenat
393 963 469 1039 olus,
486 963 628 1049 quamvis
642 963 731 1027 aliter
745 976 853 1048 putat3
877 963 989 1047 emptis

111 1050 178 1114 Sub
194 1064 315 1115 noctcm
331 1049 463 1136 gelidam
480 1050 572 1136 lignis
587 1048 747 1114 calefactat
760 1072 890 1124 aennm3

110 1135 174 1200 Sed
189 1149 280 1200 vocat
294 1158 391 1221 nsque
406 1158 506 1213 suurn,
523 1157 584 1220 qua
598 1135 730 1221 popnl'us
744 1135 843 1200 adsita
856 1135 948 1201 certis

109 1221 279 1287 Limitibus
293 1221 395 1286 vicina
409 1221 526 1308 refugit
535 1221 661 1308 jurgia3
685 1236 839 1307 tamqnam
989 1226 1048 1288 170

111 1308 160 1374 Sit
174 1308 333 1394 proprium
348 1306 527 1393 quidquam,
545 1321 659 1408 puncto
674 1307 756 1393 quod
772 1307 893 1372 mobilis
908 1307 1000 1386 borae,

110 1393 205 1459 Nunc
234 1415 335 1479 prece,
362 1416 445 1458 nunc
473 1405 583 1480 pretio,
608 1416 691 1457 nunc
716 1391 756 1470 vi,
784 1416 867 1458 nunc
890 1409 972 1459 sorte
996 1418 1048 1461 su·

217 1481 311 1556 remla,

110 1502 275 1630 Pernibtet
289 1565 438 1641 dominos,
455 1578 488 1630 et
502 1563 590 1629 cedat
604 1565 637 1628 in
652 1564 749 1629 altera
757 1566 840 1651 jura.

111 1652 173 1729 Sic,
190 1651 264 1738 qnia
278 1664 446 1737 perpetuus
461 1649 538 1714 nulli
553 1650 643 1715 datur
659 1672 740 1728 usus,
757 1666 790 1716 et
803 1651 900 1718 haeres

108 1737 277 1804 Haeredem
292 1739 427 1815 alterins,
444 1737 529 1801 velut
544 1737 627 1800 unda
640 1737 819 1823 supervenit
835 1739 957 1819 undam,
987 1744 1046 1806 175

108 1822 196 1899 Quid
212 1825 272 1887 vici
288 1836 425 1909 prosunt,
440 1837 494 1888 aut
508 1821 639 1888 horrea?
683 1823 807 1899 Quidve
825 1824 963 1891 Calabris

109 1910 246 1975 Saltibus
260 1910 373 1997 adjecti
390 1909 521 1986 Lucani,
536 1909 562 1974 si
577 1908 666 1973 metit
681 1909 783 1975 Orcus
956 1946 958 1949 ·

108 1996 250 2060 Grandia
264 2019 332 2061 curn
349 1996 459 2082 parvis,
477 2019 536 2060 non
553 1995 718 2060 exorabilis
731 1996 831 2062 auro?

109 2081 270 2159 Gemmas,
287 2105 428 2158 marmor,
445 2082 530 2158 ebur,
548 2081 714 2168 Tyrrhena
727 2082 839 2169 sigilla,
856 2084 992 2162 tabellas,

108 2169 298 2253 Argentum,
314 2181 415 2233 restes
431 2168 555 2233 Gaetulo
571 2168 686 2231 murice
702 2167 822 2245 tinctas,
892 2237 897 2246 ,
986 2175 1046 2237 lsu

110 2253 192 2319 Sunt
206 2254 260 2340 qni
276 2277 336 2317 non
354 2253 497 2335 habeant,
513 2254 628 2339 estqui
644 2275 704 2316 non
721 2268 808 2319 curat
822 2254 944 2320 habere.

110 2339 176 2403 Cur
190 2340 269 2405 alter
284 2341 410 2404 fratrum
427 2361 554 2416 cessare,
571 2352 602 2404 et
618 2338 734 2415 ludere,
750 2356 782 2404 et
798 2341 884 2427 ungi,

109 2425 260 2491 Praeferat
276 2425 412 2490 Herodis
427 2425 568 2510 palmetis
584 2424 768 2511 pinguibus3
790 2427 877 2504 alter,

108 2510 210 2576 Dives
225 2511 312 2577 etim
337 2525 474 2587 ortanus,
490 2511 528 2575 ad
545 2511 682 2574 umbram
698 2511 774 2576 lucis
788 2512 828 2577 ab
843 2527 912 2580 ortu

109 2596 291 2662 Silvestrem
307 2535 438 2662 dammis
453 2610 485 2661 et
498 2598 578 2661 ferro
595 2595 717 2684 mitiget
730 2620 849 2685 agrum,
986 2606 1045 2668 185

110 2683 177 2747 Scit
194 2683 324 2760 Genius,
340 2682 442 2747 natale
457 2705 559 2747 comes
575 2683 628 2768 qni
644 2694 796 2769 temperat
809 2699 935 2765 astrum,

108 2768 238 2835 Naturae
253 2770 343 2835 Deus
358 2769 509 2846 humanae,
526 2768 661 2833 mortalis
676 2768 707 2832 in
723 2793 835 2834 unum·

108 2854 267 2942 Quodque
283 2871 384 2942 caput,
401 2854 489 2918 vultu
503 2854 669 2930 mutabilis,
685 2855 772 2920 albus
787 2868 819 2921 et
832 2871 908 2923 ater.
965 2855 968 2862 ’

109 2941 201 3018 Utar,
218 2955 250 3007 et
265 2965 304 3005 ex
319 2941 449 3018 modico,
466 2953 615 3026 quantum
631 2962 680 3003 res
695 2954 810 3026 poscet,
825 2966 937 3012 acervo

107 3027 252 3106 Tollam·;
276 3051 334 3092 nec
349 3044 483 3091 metuam
499 3025 572 3111 quid
589 3025 628 3089 de
644 3049 693 3090 me
703 3027 823 3116 judicet
836 3030 943 3112 haeres,
986 3037 1045 3096 190

107 3112 204 3189 Quod
220 3136 282 3178 non
298 3115 386 3200 plura
400 3113 477 3177 datis
492 3111 664 3188 invenerit3
688 3127 720 3177 et
733 3127 835 3179 tamen
851 3117 933 3182 idem

108 3200 197 3263 Scire
215 3200 324 3276 volam,
341 3211 490 3285 quantum
504 3198 636 3284 simplex
652 3197 817 3285 hilarisque
833 3205 939 3289 nepoti

105 3286 286 3372 Discrepet,
304 3298 336 3349 et
350 3299 498 3370 quantum
514 3283 667 3350 discordet
680 3308 789 3372 parcus
803 3311 903 3355 avaro.

105 3372 216 3437 Distat
241 3370 334 3449 enim,
355 3394 480 3459 spargas
505 3383 557 3436 tua
579 3371 737 3458 prodigus,
757 3395 799 3438 an
820 3397 923 3459 neque
941 3397 1046 3464 sump-

194 3472 259 3523 tum

106 3543 231 3611 Invitus
245 3543 348 3621 facias,
365 3565 467 3630 neque
481 3542 571 3629 plura
584 3563 691 3628 parare
707 3541 843 3616 labores3
984 3551 1044 3612 195
