2442 4059
170 270 209 331 14
307 333 310 341 ,
445 285 645 331 sarrnaauu
666 285 734 329 mn.
751 287 774 329 1.
789 272 820 330 5.

168 438 207 501 In
224 437 452 502 Mamurrarum
469 436 539 502 lassi
554 436 666 501 deinde
684 437 758 501 urbe
774 460 942 517 manemus,

168 524 307 591 Murena
321 525 478 610 praebente
493 525 628 601 domum,
647 523 800 609 Capitone
815 525 957 591 culinam.

168 609 297 674 Postera
311 611 365 673 lux
381 611 477 675 oritur
492 610 588 674 multo
603 610 793 697 gratissima:
817 633 951 697 namque

168 696 287 760 Plotius
303 709 335 760 et
350 696 461 760 Varius
478 696 642 773 Sinuessae,
660 695 873 782 Virgiliusque
1062 702 1104 762 40

167 782 360 856 Occurrunt3
383 783 504 859 animas,
521 782 628 867 quales
644 804 746 867 neque
762 782 952 847 candidiores

167 867 267 931 Terra
281 869 361 945 tulit,
378 891 481 955 neque
497 869 584 954 queis
599 891 650 932 me
664 867 705 931 sit
719 868 889 932 devinctior
902 870 988 933 alter.

167 952 198 1017 Ο
215 954 268 1040 qui
284 954 471 1039 complexus,
489 968 521 1018 et
535 954 648 1041 gaudia
662 965 777 1038 quanta
792 956 937 1019 fuerunt!

167 1039 219 1103 Nil
237 1063 296 1127 ego
311 1040 492 1104 contulerim
502 1039 641 1126 jucundo
656 1062 748 1104 sanus
762 1040 869 1103 amico.

166 1124 313 1191 Proxima
329 1127 488 1212 Campano
503 1126 589 1210 ponti
605 1147 676 1210 quaa
690 1125 804 1201 villula,
820 1138 937 1191 tectum
1059 1132 1101 1191 45

166 1210 314 1289 Praebuit,
331 1224 372 1289 et,
389 1213 514 1298 parochi
529 1234 599 1297 quae
612 1212 736 1288 debent,
753 1212 839 1299 ligna
852 1213 1018 1299 salemque.
1107 1285 1109 1288 ¹

166 1296 253 1363 Hinc
266 1299 343 1362 muli
359 1299 477 1384 Capu-ae
492 1298 621 1363 clitellas
637 1310 776 1383 tempore
783 1312 921 1446 ponunt

165 1382 284 1447 Lusum
300 1386 326 1449 it
342 1384 511 1460 Maeccnas,
528 1383 692 1448 dormitum
708 1405 768 1470 ego
815 1384 1014 1470 irgiliusque:

165 1468 310 1555 Namque
326 1470 389 1556 pild
405 1469 496 1557 lippis
512 1469 670 1533 inimicum
686 1482 719 1533 et
733 1470 839 1533 ludere
854 1470 964 1535 crudis.

166 1554 251 1619 Hinc
266 1579 321 1620 nos
338 1556 461 1621 Cocceii
477 1556 587 1641 recipit
601 1555 778 1641 plenissima
792 1556 874 1633 villa,
986 1630 988 1634 Ι
1058 1561 1101 1620 50

165 1640 247 1716 Quae
260 1664 353 1728 super
368 1655 415 1707 est
431 1641 531 1706 Caudi
547 1664 709 1728 cauponas.
754 1641 849 1705 Nunc
864 1642 938 1705 mihi
954 1639 1058 1728 paucis

166 1728 318 1793 Sarmenti
333 1752 446 1795 scurrae
461 1750 599 1815 pugnam
615 1726 778 1812 Messique
795 1728 937 1805 Cicirrhi,

164 1812 268 1890 Musa,
285 1814 377 1877 velim
393 1836 561 1887 memores3
585 1824 618 1877 et
632 1837 694 1897 quo
709 1827 795 1899 patre
811 1827 901 1879 natus
916 1830 1046 1899 uterque

165 1898 342 1964 Contulerit
356 1900 435 1964 lites.
482 1899 582 1964 Messi
598 1899 711 1965 clarum
727 1922 827 1985 genus
843 1900 936 1976 Osci;

165 1986 319 2050 Sarmenti
334 1986 457 2049 domina
472 1997 581 2051 exstat·
628 1985 680 2049 Ab
695 1984 742 2049 his
758 1985 924 2070 majoribus
939 1984 997 2051 orti
1057 1990 1100 2049 55

163 2070 216 2135 Ad
231 2094 367 2157 pugnam
383 2094 507 2135 venere.
553 2070 644 2134 Prior
660 2073 859 2136 Sarmentus:
884 2071 990 2158 ‘Equi
1004 2081 1036 2135 te

164 2156 241 2222 Esse
257 2158 315 2222 feri
329 2157 460 2223 similem
476 2158 565 2223 dico!
611 2157 782 2221 Ridemus:
806 2157 919 2243 etipse

163 2242 310 2322 Messius,
329 2244 479 2330 ‘Accipio
488 2245 507 2319 3'
529 2255 622 2329 caput
637 2255 669 2306 et
684 2255 804 2307 movet:
829 2244 892 2321 ςΟ,
909 2255 962 2309 tua
976 2266 1071 2308 cornu

163 2328 206 2392 Ni
222 2330 301 2395 foret
315 2343 440 2395 exsecto
455 2330 538 2394 frons
556 2329 685 2415 (inquit)
704 2329 777 2413 quid
793 2330 919 2408 faceres,
936 2352 1006 2394 cum

164 2414 216 2479 Sic
232 2416 358 2481 mutilus
374 2414 555 2480 miniteris'l'
602 2420 647 2479 At
661 2414 707 2478 illi
721 2413 804 2479 foeda
818 2416 945 2480 cicatrix
1056 2421 1099 2479 60

163 2501 303 2565 Setosam
319 2502 387 2567 laevi
402 2504 536 2565 frontem
552 2511 728 2586 turpaverat
742 2502 812 2565 oris.

163 2586 357 2673 Campanum
372 2588 404 2651 iu
420 2588 571 2663 morbum,
587 2591 620 2650 in
635 2587 746 2651 faciem
761 2587 913 2672 permulta
922 2589 1054 2674 jocatus,

163 2671 321 2737 Pastorem
337 2673 462 2738 saltaret
478 2674 523 2738 uti
540 2673 690 2759 Cyclopa,
706 2674 851 2760 rogabat3

162 2758 217 2822 Nil
232 2759 277 2823 illi
293 2760 376 2825 larvis
391 2773 445 2823 aut
457 2759 583 2846 tragicis
599 2781 677 2845 opus
692 2781 758 2836 esse
774 2759 939 2824 cothurnis.

162 2844 268 2909 Multa
284 2846 442 2909 Cicirrbus
456 2845 495 2909 ad
511 2848 585 2921 haec,
603 2845 746 2910 donasset
755 2847 862 2932 jamne
879 2861 1017 2910 catenam
1057 2851 1099 2910 65

162 2929 212 2993 Er
228 2940 299 2995 voto
317 2931 457 3007 Laribus,
474 2929 655 3016 quaerebat?
677 2931 776 2995 scriba
790 2931 873 3016 quod
888 2945 977 3009 esset,

160 3016 311 3081 Deterius
326 3017 422 3080 nihilo
437 3017 570 3081 domiuae
580 3018 633 3104 jus
649 3039 725 3081 esse.
772 3017 917 3105 Rogabat

161 3101 320 3189 Denique,
336 3126 390 3166 cur
406 3125 542 3190 unquam
557 3103 705 3190 fugissetr
728 3103 777 3166 cui
792 3104 865 3168 satis
880 3126 942 3168 una
1006 3132 1010 3141 ·

162 3188 264 3253 Farris
281 3189 357 3253 libra
372 3190 460 3265 foret,
477 3189 584 3276 gracili
599 3190 652 3266 sic,
670 3203 794 3274 tamque
809 3189 944 3275 pusillo?

161 3274 291 3339 Prorsus
301 3275 439 3360 jucunde
454 3298 573 3339 coeoam
588 3274 789 3360 produximus
803 3276 897 3341 illam.
1058 3281 1100 3340 70
1217 3291 1218 3300 ¹

161 3360 335 3424 Tendimus
351 3361 422 3424 hinc
437 3361 520 3425 rectd
538 3362 754 3425 Beneventum
760 3384 769 3437 3
785 3361 838 3425 ubi
849 3361 973 3427 sedulus
987 3360 1100 3449 hospes

162 3446 268 3523 Paene,
285 3468 411 3522 macros,
427 3446 510 3522 arsit,
528 3446 600 3509 dum
617 3450 722 3511 turdos
737 3459 838 3512 versat
851 3447 883 3509 in
899 3448 990 3533 igne:

139 3546 141 3554 ’
161 3530 243 3593 Nam
261 3555 338 3620 vaga
352 3554 407 3618 per
422 3543 560 3595 veterem
575 3532 692 3617 dilapso
707 3532 830 3595 flamma
844 3532 978 3597 culinam

165 3614 303 3682 Vulcano
318 3639 472 3683 summum
487 3618 671 3704 properabat
684 3617 818 3682 lambere
833 3631 959 3683 tectum.
