2442 4059
132 241 281 308 manib]
330 252 332 256 ·
362 307 365 316 Ι
466 240 749 292 quuuuueuarto.
971 197 980 214 ‘
1019 242 1077 307 141

135 399 227 446 dictum
242 405 285 451 ent,
301 401 328 440 ut
345 392 468 453 aliquoties
483 395 546 455 apud
563 394 698 442 Sallustium
711 392 773 454 (cat
785 393 928 454 0021118.
940 391 1081 456 87,)patrla

129 469 293 526 parentesque.
317 459 367 505 Nec
378 461 488 507 erradarc
499 475 580 506 causae
590 461 674 507 Latine
686 460 757 505 ullam
769 460 838 506 habet
848 461 1024 512 difficultatem:
1039 462 1082 507 aed

134 538 199 576 recte
211 525 354 588 explicatum
366 531 401 570 eat
412 524 436 569 in
449 525 506 571 Cod.
521 525 622 571 Blande
640 526 706 570 ‘cum
719 523 783 570 omni
800 525 884 571 rudore
897 525 981 572 Latine
991 525 1081 582 recitet,

137 594 224 641 Latine
240 588 439 652 proferam-Q.
456 587 551 644 Pediua,
568 589 631 634 filine
647 603 678 634 ex
694 602 773 635 aurore
788 590 814 635 C.
826 588 883 635 Julii
896 590 994 636 Creaaria
1011 598 1082 650 atque

137 673 201 706 unua
212 671 242 702 ea
254 654 378 701 heredibus
389 656 446 714 ejna,
459 665 483 700 Α.
496 665 521 699 u.
532 666 553 700 o.
566 653 612 709 711
625 661 737 710 mortuna,
755 668 852 700 uxorem
869 655 952 700 habuit
963 655 1082 702 Valeriam

137 733 209 782 arque
225 735 238 766 e
255 720 302 765 lilio
314 718 403 769 Quinto
420 726 527 778 nepotem
545 719 631 764 natura
644 726 743 764 mutum.
777 719 903 778 adoptavit
919 720 991 779 igitur
1006 719 1082 766 illium

138 789 240 836 alterurn
250 785 356 830 Messalae
369 783 470 843 majoris,
482 783 523 842 qni
534 782 590 829 inde
602 782 688 828 Pedius
697 783 773 829 dictur
783 793 826 830 eat.
844 784 910 830 Pedii
920 784 992 831 irater
1001 784 1083 845 itaque

139 851 256 902 coninua
267 849 311 894 tuit
322 857 345 894 et
357 856 454 906 uterque
465 847 587 908 Poplicolae
597 861 727 907 cognomen
738 848 827 894 habuit.
850 847 890 909 (ln
900 849 1000 908 legendo
1007 853 1083 910 junqe

139 917 228 964 Pedius
237 915 361 974 Poplicola,
368 927 414 958 non
425 913 540 972 Poplicola
551 919 619 974 alque
630 911 795 972 (ἔποπα.)-
804 913 837 960 Μ.
848 914 955 960 Valerius
966 915 1084 975 Poplicola

139 980 243 1028 Messala
261 978 381 1034 Corvinus,
403 977 490 1023 Tibulli
508 977 593 1037 fautor,
612 979 700 1024 nitidae
717 984 742 1024 et
760 979 909 1024 candidaret
925 981 1084 1040 mornado

137 1042 267 1108 praeserere
283 1045 307 1089 e‘rr
324 1043 419 1089 dicendo
437 1044 577 1089 nobilitatem
593 1057 675 1094 raam
691 1043 778 1088 uiribus
794 1045 867 1089 minor
876 1045 958 1089 Atinio
974 1044 1083 1091 Pollione.

141 1108 257 1161 Quinctil.
279 1107 317 1162 10,
341 1106 361 1161 l,
385 1105 588 1162 113.-Canan'i,
610 1106 703 1167 Apuliae
724 1105 818 1167 oppido,
843 1115 867 1153 et
888 1106 964 1154 Greci
983 1117 1007 1154 et
1029 1108 1083 1155 Occi

139 1174 280 1222 babitabant
290 1180 315 1216 et
325 1180 425 1230 utroque
435 1185 549 1226 sermone,
559 1171 641 1218 Graeco
651 1180 675 1218 et
686 1173 756 1231 Oaco,
766 1173 899 1218 utebantur.
922 1171 961 1217 Sic
973 1174 1085 1235 bilingues

141 1240 255 1287 Brutatca
266 1233 392 1295 (Bruttios)
405 1244 499 1296 propter
516 1236 615 1282 eandem
626 1249 719 1282 canaam
736 1237 844 1283 dixerant
860 1245 884 1283 et
897 1235 988 1283 linniua
999 1245 1023 1284 et
1035 1238 1084 1284 Lu·

140 1304 218 1352 oiliua.

175 1366 278 1416 31-35.
298 1361 371 1425 [marc
391 1359 464 1425 citra]
481 1363 507 1410 in
526 1360 721 1425 lentie-[Pan
738 1366 835 1412 mediam
850 1371 935 1414 noctem
975 1366 1086 1414 Moachua

142 1435 169 1488 2,
187 1434 211 1488 2,
229 1429 328 1486 Νυκτὸς
345 1425 385 1476 lire
405 1427 524 1492 τρίτατον
540 1424 622 1490 λάχος
638 1424 749 1484 iuraras,
767 1426 858 1493 ἐγγύθι
876 1425 896 1475 d'
914 1429 1085 1490 einp-Edu

143 1496 188 1544 eal
210 1489 332 1558 drperiav
354 1492 513 1556 rorpaiveraa
534 1490 609 1549 ἔθνος
630 1491 820 1555 cuipam-1„
841 1497 920 1543 eihan
941 1499 1005 1557 ligra
1018 1494 1086 1557 serre

142 1559 221 1610 aimlle
241 1559 389 1620 proverbium
406 1560 476 1614 illius,
504 1553 594 1620 γλαῦκ’
614 1554 640 1613 ic
656 1554 943 1623 'Abderam-[lombar]
961 1562 999 1608 ‘Si
1019 1562 1086 1609 malie

143 1640 233 1687 augere
255 1624 448 1672 innumerabilem
463 1625 598 1670 Gracorunr
621 1631 742 1684 poetarum
765 1628 856 1671 turbam
877 1626 985 1686 interque
1004 1627 1046 1674 hor
1062 1635 1086 1674 te

143 1692 269 1740 intrudens
279 1703 331 1736 eam
342 1689 457 1743 refercire,
470 1697 588 1747 tamquam
600 1688 688 1734 nemini
699 1688 740 1736 alil
746 1690 797 1748 jam
808 1690 872 1736 locua
881 1690 973 1737 t'ntnrua
984 1690 1031 1738 ait!

179 1756 219 1813 36,
230 1755 269 1812 37.
287 1753 417 1816 [Turpidae
428 1751 539 1814 Alpinae]
558 1753 646 1813 Lepide
663 1753 696 1800 aic
713 1763 809 1801 vocatur
820 1755 852 1802 bl.
866 1756 950 1801 Furius
963 1757 1088 1802 Bibaculna

146 1820 320 1874 Cremonenaia,
339 1829 408 1866 natue
421 1831 443 1864 Α.
456 1831 480 1865 υ.
494 1830 515 1864 c.
525 1818 580 1875 651,
592 1817 633 1877 qui
645 1831 668 1865 Α.
681 1831 706 1864 υ.
718 1831 740 1866 c.
749 1818 798 1874 723
808 1833 882 1866 annor
893 1818 925 1874 72
935 1823 1086 1874 numerabat:

145 1902 202 1936 nam
214 1886 284 1932 etiam
296 1894 352 1931 tunc
362 1899 416 1930 eurn
428 1883 453 1929 in
462 1882 520 1929 vivia
529 1883 599 1930 luiaae
610 1883 729 1943 probabile
740 1894 781 1931 eat.
802 1886 917 1931 Praeterea
927 1892 1088 1946 composuerat

147 1950 317 2010 AEthiopidem,
335 1949 359 1994 in
377 1950 425 2008 qui
446 1948 586 2003 Memnonia,
607 1948 702 1995 Tithoni
720 1958 744 1995 et
764 1949 862 1996 Aurorae
884 1950 925 1996 lilii
947 1953 976 1997 ab
996 1951 1088 1998 Achille

146 2015 272 2069 interlecti,
284 2013 363 2073 primae
375 2021 442 2060 erant
453 2022 536 2074 parter.
571 2007 794 2076 “hiltipacantem
802 2013 916 2076 jugulat:
933 2014 966 2062 ita
984 2029 1087 2074 pugnam

145 2082 213 2128 illam
230 2087 316 2134 narrat,
335 2088 361 2124 ut
376 2078 463 2125 iterum
477 2079 584 2125 videatur
597 2079 724 2126 Memnona
735 2080 844 2139 jugulare
861 2080 910 2126 auia
923 2079 1087 2126 carminibua.”

147 2148 231 2193 Comm.
250 2144 318 2205 Graq.
352 2143 418 2190 ldem
439 2142 615 2207 πραγματείαν
633 2143 688 2190 belli
705 2144 789 2190 Gallici
807 2158 822 2190 a
839 2145 931 2190 casare
947 2144 1007 2203 gesti
1023 2157 1087 2190 com-

146 2217 266 2273 poauerat,
282 2208 307 2254 ln
319 2210 366 2268 qui
376 2209 495 2268 legebatur
507 2223 586 2256 veraua
602 2209 643 2254 ille
657 2208 784 2254 ridiculuar
800 2209 894 2268 Jupiter
910 2209 1016 2255 hibernae
1029 2211 1088 2255 carrd

146 2279 199 2324 ariae
218 2276 321 2334 canapait
339 2275 409 2333 Alpes
426 2274 488 2334 (Sat.
505 2275 529 2330 2,
547 2276 571 2330 ὁ,
587 2272 639 2333 43.)
658 2282 753 2333 propter
769 2287 840 2332 quem
856 2273 934 2332 ipsum
952 2269 1033 2319 leative
1049 2273 1089 2320 hic

148 2348 248 2388 vocatur
259 2340 365 2398 Alpinae,
381 2340 419 2384 tha
431 2339 514 2397 Alpine
527 2345 587 2399 poet.
621 2339 649 2383 ln
661 2338 743 2383 eidem
755 2334 915 2401 πραγματείᾳ
930 2345 980 2384 erat
995 2338 1089 2397 turgida

148 2404 275 2464 descriptio
291 2405 374 2462 capitia
390 2403 472 2456 Rheni,
493 2403 571 2448 Rheni
587 2402 664 2460 figura
680 2401 706 2447 in
724 2402 843 2461 triumpho
862 2409 960 2462 portata,
977 2402 1090 2464 capillitio

148 2471 218 2524 flavo,
235 2468 312 2528 gentle
330 2481 378 2512 anae
394 2467 486 2518 colore;
509 2474 536 2511 nt
551 2475 586 2512 est
601 2466 669 2512 Ouid.
684 2480 714 2512 ex
732 2467 807 2512 Ponto
821 2467 844 2522 4,
858 2467 881 2523 3,
896 2467 950 2522 107,
966 2468 1091 2530 &ualidam

150 2536 262 2584 immissor
268 2529 350 2593 sractd
366 2533 408 2578 aab
424 2532 535 2578 arundine
549 2533 622 2578 crinea
632 2531 727 2578 liberae
740 2537 763 2578 et
778 2528 874 2591 injectae
888 2535 999 2594 sanguine
1012 2541 1090 2594 portat

150 2614 230 2661 aquae.
264 2596 385 2643 Attributo
403 2604 465 2642 carte
481 2597 537 2642 latei
553 2594 603 2654 ipae
620 2594 706 2641 Furius
724 2610 780 2642 uana
796 2604 854 2651 erat,
874 2606 1014 2657 quapropter
1033 2599 1056 2646 h.
1072 2600 1088 2646 l.

150 2665 248 2712 ridetur.
281 2662 383 2722 Denegat
393 2669 485 2708 autem:
503 2663 615 2718 ‘operare
625 2668 650 2706 et
660 2657 805 2717 κακοζήλως
815 2661 907 2720 format,
917 2662 1042 2709 deacribit.'

184 2729 224 2783 30,
236 2727 275 2782 39,
295 2722 372 2787 [lado]
389 2729 395 2751 ⁶
406 2725 504 2771 Missum
516 2724 602 2771 faciens
615 2738 698 2785 poema
710 2725 828 2771 heroicum
839 2734 863 2772 et
876 2727 1022 2788 tragaediam,
1040 2742 1089 2774 aer·

151 2808 241 2848 moner,
255 2791 371 2837 ludicrum
387 2790 464 2850 poeria
480 2803 561 2849 genui,
575 2803 620 2847 ego
634 2791 732 2836 excolo!
743 2813 777 2824 -
792 2787 830 2851 [a'a
845 2791 907 2849 ade]
927 2791 953 2837 in
970 2794 1056 2852 templo
1071 2807 1089 2839 a.
1131 2789 1136 2797 ’

152 2858 237 2905 ancello
255 2856 334 2914 aliquo
351 2855 480 2909 Musarum,
492 2861 518 2900 ut
534 2853 616 2900 dicunt
632 2855 773 2902 Scholiaatae.
807 2855 879 2901 AEdea
896 2864 958 2902 certe
976 2857 1091 2917 Apollinia

152 2921 253 2971 Palatini
276 2929 324 2967 turn
348 2920 452 2965 nondum
474 2918 580 2965 dedicata
600 2916 813 2981 erat-[Taepa]
837 2918 878 2980 Sp.
901 2920 984 2967 Mucio
1006 2923 1091 2982 Tarpd,

153 3001 246 3035 aummo
261 2985 354 3031 illorum
371 2992 502 3043 temporum
519 2983 598 3030 critico
615 2981 658 3044 (A.
670 2983 695 3030 Ρ.
706 2983 773 3044 337),
786 2985 824 3032 cui
836 2986 885 3046 jam
899 3001 914 3032 a
924 2986 968 3033 Cn.
980 2987 1092 3046 Pompeio

154 3053 243 3110 Magno
263 3062 287 3096 u.
300 3061 324 3094 u.
336 3061 358 3094 o.
370 3048 425 3105 099,
446 3048 537 3094 lloratil
556 3061 610 3094 vero
630 3056 734 3107 tempore
751 3062 765 3095 a
782 3051 873 3097 enarre
893 3051 1020 3097 Octaviano
1038 3065 1093 3097 cum

153 3116 207 3163 aliia
217 3115 321 3175 quinque
334 3112 454 3174 judicibus
465 3128 520 3160 cura
526 3112 706 3173 judicandarum
716 3112 846 3161 fabularum
858 3130 884 3161 ac
894 3116 1019 3162 mimorum
1030 3129 1093 3160 conr-

154 3180 227 3230 mista
243 3187 300 3234 erat,
314 3193 366 3238 quae
383 3178 427 3226 niai
444 3180 474 3224 ab
491 3178 694 3238 improbarentur,
710 3177 736 3224 in
751 3192 843 3225 coenam
858 3195 906 3227 non
920 3180 1093 3228 deferebantur.

157 3246 240 3292 comm.
253 3244 321 3304 Cruq.
354 3244 391 3290 Ea
406 3256 461 3290 cura
474 3250 544 3290 antea
560 3240 636 3288 luerat
651 3242 771 3299 adilinm3
787 3245 827 3290 red
842 3243 953 3292 intererat
964 3243 1095 3300 Octaviani,

155 3324 187 3356 ne
205 3308 334 3369 quidquam
352 3322 393 3367 per
410 3307 494 3354 mimoa
507 3305 636 3368 presertim
653 3307 789 3354 incivitate
808 3311 904 3356 ‘cuncta
917 3309 1093 3368 interpretante'

157 3370 246 3437 (Tacit.
260 3373 321 3420 lliat.
332 3373 355 3427 2,
364 3369 416 3431 01.)
433 3372 525 3432 publice
542 3371 691 3431 proterretur,
702 3373 766 3432 quod
779 3372 805 3419 in
821 3373 895 3433 ipaiua
910 3373 1095 3422 dominationem

156 3452 271 3486 acmorea
283 3436 384 3495 maligne
395 3435 527 3494 detorqueri
537 3444 622 3494 ponaer.
814 3467 820 3472 -

157 3549 160 3556 ,
206 3501 246 3558 40,
266 3501 306 3548 al.
330 3497 446 3561 [Arguta]
470 3500 576 3555 ‘artum’
599 3509 626 3547 nt
647 3501 707 3562 Epp.
727 3501 750 3559 l,
768 3501 806 3557 lt,
823 3500 863 3555 42,
881 3507 978 3562 argutae
995 3504 1096 3551 calo.-

158 3567 282 3630 [Dauoque
300 3562 431 3625 Chremeta]
448 3579 553 3625 perronae
570 3564 667 3612 Andria
683 3565 836 3612 Terentiana.
846 3587 880 3598 —
891 3562 982 3628 [maria]
999 3570 1096 3629 antique

156 3647 291 3696 procurare,
304 3631 405 3692 ‘hilarpa
419 3637 490 3690 atque
505 3628 611 3691 lepidae·
645 3630 699 3678 Non
717 3637 754 3678 eat
771 3628 1096 3690 vocatir.aing.r.1¹¹aadam'.
