2442 4059
154 217 196 279 46
428 232 627 277 sarrnanunr
649 231 716 273 mn.
732 232 770 275 11.
786 217 815 275 6.

157 378 220 442 Per
235 389 327 463 caput
342 388 374 441 et
388 377 469 442 circa
482 378 595 442 saliunt
609 378 696 443 latus.
742 381 827 443 Ante
842 378 1006 443 secundam

159 464 290 527 Roscius
304 464 421 544 orabat,
437 463 495 528 sibi
510 464 632 529 adesses
646 464 683 528 ad
702 463 812 528 Puteal
826 486 900 527 cras.
1049 468 1094 527 35

158 550 210 614 De
226 572 259 612 re
275 550 429 613 communi
443 550 550 614 scribae'
564 551 676 635 magud
692 564 785 634 atque
803 550 882 614 nord
899 563 929 613 te

158 635 299 700 Orabaut
314 635 405 700 bodie
421 636 621 712 meminisses,
639 636 768 713 Quinte,
785 635 907 699 reverti.

159 721 319 806 Imprimat
334 721 390 797 bis,
407 743 489 797 cura,
507 720 667 786 Maecenas
681 722 770 808 signa
784 722 913 785 tabellis.

158 807 296 884 Dixeris,
315 806 479 893 Experiar:
506 808 539 871 Si
556 808 611 883 vis,
628 820 726 893 potes,
739 807 826 872 addit
840 820 872 872 et
885 808 988 872 instat

161 893 317 978 Septimus
331 908 438 958 octavo
453 894 576 980 propior
586 895 654 979 jam
668 894 783 979 fugerit
797 916 905 970 annus,
1049 897 1095 956 40
1201 919 1202 942 r

160 978 211 1042 Ex
227 1001 288 1063 quo
305 979 463 1044 Maecenas
478 1002 528 1043 me
544 1002 591 1044 coe
615 980 639 1044 it
654 980 766 1044 babere
777 1002 901 1043 suorum

160 1065 199 1129 In
214 1086 352 1142 nurnero,
370 1066 529 1129 dumtaxat
542 1065 579 1129 ad
593 1003 662 1142 boc,
679 1088 773 1151 quem
788 1065 895 1129 tollere
910 1064 1006 1129 rhedd

159 1150 265 1215 Vellet
280 1152 338 1215 iter
353 1152 477 1227 faciens,
494 1163 526 1215 et
540 1151 589 1215 cui
605 1151 788 1216 concredere
804 1174 902 1236 nugas

160 1236 232 1301 Hoc
245 1259 360 1327 genust
383 1236 471 1301 Hora
485 1250 579 1322 quota
590 1236 661 1302 est?
690 1237 799 1301 Threx
810 1252 856 1303 est
869 1235 995 1301 Gallina
1010 1221 1093 1320 Syro
1201 1247 1202 1260 ¹

243 1322 323 1408 par?

161 1408 319 1473 Matutine
333 1431 439 1493 parurn
456 1420 559 1473 cautos
570 1410 635 1495 jam
650 1408 765 1494 frigora
778 1409 938 1473 mordent:
1050 1412 1093 1471 45

161 1494 204 1560 Et
219 1518 288 1580 quae
303 1495 415 1561 rimosd
429 1494 508 1558 bene
523 1495 720 1580 deponuntur
733 1494 765 1557 in
780 1518 864 1559 aure.

162 1581 224 1644 Per
239 1592 336 1646 totum
352 1580 409 1645 boc
424 1593 545 1666 tempus
558 1581 725 1665 subjectior
740 1582 771 1644 in
787 1581 869 1643 diem
884 1580 1036 1645 ethoram

161 1666 299 1733 Invidiae.
344 1666 458 1731 Noster
473 1667 560 1731 ludos
574 1678 764 1752 spectaverat
778 1689 849 1743 una,

160 1752 294 1817 Luserat
307 1753 339 1816 in
355 1774 482 1838 camp03
507 1752 652 1817 Fortunae
667 1752 765 1817 lilius!
782 1775 897 1817 omnes.

162 1839 306 1939 Frigidus
320 1861 339 1902 a
355 1837 475 1902 Rostris
490 1855 592 1903 manat
606 1860 662 1923 per
676 1838 809 1924 compita
823 1861 926 1901 rumor
934 1862 943 1915 3
1051 1843 1093 1900 50
1201 1877 1202 1896 r

162 1925 351 2010 Quicunque
366 1923 474 1989 obvius
490 1938 545 2001 est,
562 1947 611 1988 me
628 1925 775 1988 consulit:
800 1925 832 1989 Ο
848 1925 927 1988 bone
946 1930 1031 2009 (uam
1047 1935 1078 1987 te

164 2010 260 2087 Scire,
277 2011 350 2075 deos
365 2010 510 2095 quoniam
526 2011 651 2095 propius
666 2009 829 2097 contingis,
846 2011 993 2095 oportet),

162 2096 323 2182 Numquid
338 2097 377 2160 de
397 2095 488 2161 Dacis
503 2094 637 2161 audisti?
683 2097 735 2159 Nil
750 2096 904 2181 equidem.
950 2096 997 2161 Ut
1016 2106 1051 2159 tu

163 2183 292 2267 Semper
306 2181 366 2247 eris
380 2181 495 2245 derisor
507 2182 514 2246 l
561 2185 605 2246 At
619 2205 725 2246 omnes
741 2183 787 2247 Di
801 2182 962 2267 exagitent
974 2205 1035 2258 me,

164 2268 197 2332 Si
213 2269 389 2354 quidquam.
414 2266 524 2343 Quid?
538 2268 686 2332 militibus
702 2269 849 2353 promissa
864 2267 1031 2353 Triquetris
1052 2273 1093 2330 55
1201 2315 1202 2338 2

163 2355 283 2420 Praedia
300 2356 403 2419 Caesar
417 2376 457 2419 an
473 2368 519 2419 est
536 2354 614 2419 ltald
630 2354 740 2417 tellure
754 2353 906 2419 daturus?
1201 2355 1202 2404 ἒ

161 2441 182 2504 J
185 2459 321 2505 urantcm
339 2464 388 2504 me
403 2441 481 2505 scire
496 2439 582 2517 nihil,
598 2441 747 2504 mirantur
763 2456 797 2504 ut
810 2462 906 2504 unum

163 2526 290 2591 Scilicet
303 2526 424 2612 egregii
438 2526 596 2591 mortalem
611 2526 727 2611 altique
741 2525 853 2592 silenti.

163 2613 308 2676 Perditur
323 2612 387 2677 baec
401 2610 481 2675 inter
495 2612 606 2675 misero
622 2612 685 2686 lux,
703 2634 764 2675 non
779 2612 847 2677 sine
862 2611 957 2677 rotis:

163 2697 267 2776 Orus,
280 2700 402 2783 quando
414 2720 473 2782 ego
485 2709 516 2761 te
525 2694 714 2782 adspiciam?
729 2698 913 2783 quandoque
925 2696 1038 2773 licebit,
1051 2701 1093 2760 60
1201 2689 1202 2720 ³

163 2783 258 2847 Nunc
272 2796 409 2847 veterum
425 2782 519 2860 libris,
536 2806 620 2847 nunc
633 2804 740 2847 somno
755 2796 787 2848 et
801 2784 952 2848 inertibus
965 2782 1047 2847 boris

162 2870 289 2933 Ducere
304 2868 442 2933 sollicitae
451 2870 591 2955 jucunda
605 2869 717 2933 oblivia
733 2869 829 2935 vitae?
962 2880 965 2886 '

163 2955 195 3020 0
211 2955 333 3041 quando
347 2954 418 3019 faba
434 2955 622 3042 Pythagorae
636 2968 776 3042 cognata,
791 2955 945 3040 simulque

163 3042 269 3107 Uncta
282 3040 354 3106 satis
370 3042 478 3127 pingui
494 3055 648 3126 ponentur
662 3042 798 3105 oluscula
811 3039 918 3106 lardo?

164 3130 196 3194 Ο
212 3139 317 3192 noctes
331 3148 489 3212 coenaeque
504 3127 607 3204 debm,
626 3128 737 3212 quibus
750 3128 816 3213 ipse
831 3128 954 3213 meique
1055 3131 1096 3191 65

164 3218 249 3280 Ante
266 3214 379 3277 Larem
394 3214 550 3299 proprium
566 3235 682 3290 vescor,
698 3236 868 3298 vernasque
883 3234 1026 3298 procaces

95 3314 97 3317 ’
166 3301 263 3367 Pasce
278 3300 378 3365 libatis
393 3299 530 3385 dapibus.
577 3299 675 3362 Prout
689 3299 801 3384 cuique
817 3299 911 3364 libido
925 3310 982 3377 est,

166 3388 269 3452 Siccat
282 3385 449 3472 inaequales
464 3384 574 3449 calices
589 3385 717 3449 conviva
730 3386 847 3449 solutus

166 3472 305 3558 Legibus
320 3471 443 3547 insanis,
459 3492 515 3535 seu
530 3470 598 3555 quis
614 3472 695 3555 capit
709 3471 790 3535 acria
803 3470 890 3535 fortis

168 3558 293 3637 Pocula,
309 3581 363 3625 seu
379 3555 505 3625 modicis
522 3556 639 3623 uvescit
652 3556 760 3623 laetius.
805 3555 891 3643 Ergo
1056 3562 1112 3642 70·
