2442 4059
93 277 146 313 nra.
159 276 176 313 1.
189 260 238 327 la]
424 262 706 311 munumentum.
974 264 1038 330 237

92 423 210 476 spectant,
228 422 321 462 revocat
331 414 390 460 lllud
400 426 479 461 votum
496 423 522 460 ut
539 429 568 462 ex
581 414 645 474 vulgi
655 414 765 476 opinione
776 414 851 475 magia
862 430 931 474 quarn
943 430 972 462 ex
983 418 1040 464 verb

92 481 184 527 ratione
201 488 348 540 conceptum,
364 489 388 526 et
405 494 429 526 ac
446 480 571 540 corrigens,
583 482 638 526 ‘scd
656 480 712 527 tatia
729 480 779 535 eat,'
796 479 879 539 inquit,
893 480 930 525 ‘in
949 483 1040 529 duobua

91 546 141 592 illia
158 545 218 591 votie
237 544 369 599 subsistere,
393 559 491 603 quorum
508 560 580 605 penca
597 546 652 591 deoa
674 552 775 605 potentat
796 553 839 601 eat,
859 559 935 605 neque
957 546 982 592 id
999 562 1040 593 eoa

91 624 184 669 rogare,
201 610 264 669 quod
275 609 299 654 in
311 610 364 655 med
376 609 447 655 solius
459 624 530 655 manu
541 619 585 665 eat,
602 618 630 655 ut
639 624 774 669 conaequar.
807 610 854 655 Det
872 611 941 655 modo
960 626 1039 659 conara

92 677 176 731 uiuere,
190 675 231 721 det
243 676 321 722 bonam
332 677 434 735 ooptornr
451 689 494 735 ego
506 688 543 721 mc
554 675 694 735 imperabo,
705 681 769 721 utne
779 676 971 733 ιίιιίιίιιιβιιίίιτι.ν

444 828 604 875 briscona
621 828 687 875 XIX.

128 934 235 981 Annum.
253 934 345 995 Duplex
367 933 488 979 hominum
506 948 588 993 genua,
611 942 638 980 ut
656 933 752 979 omnino
771 933 871 993 egregiia
890 934 1039 996 scriptoribus

93 1000 201 1046 accidere
212 1000 279 1055 solet,
292 999 388 1045 Horatio
400 999 559 1059 importunum
571 998 667 1055 exstitit,
682 999 761 1054 idest,
780 998 922 1045 imitatorum
938 1009 963 1046 et
976 1001 1038 1048 invi-

94 1065 187 1111 dorum.
222 1063 341 1111 Adversus
363 1070 473 1123 utrosque
495 1078 571 1109 coram
592 1064 729 1118 Maecenate,
750 1062 838 1122 optimo
859 1064 940 1109 talium
960 1080 1038 1113 rerum

90 1130 181 1190 Judice,
198 1128 241 1174 lrac
251 1128 350 1189 epietold
363 1142 456 1174 caueam
471 1143 535 1174 auam
552 1128 607 1187 agit.
641 1128 745 1188 Primum
756 1127 828 1186 igitur
838 1126 974 1189 imitatores,
990 1146 1039 1178 aer.

94 1208 248 1253 rumpetur,
271 1192 372 1252 graviter
391 1201 414 1239 et
433 1195 516 1239 acerbi
535 1208 589 1239 oum
610 1193 725 1239 derisione
744 1192 848 1251 exagitat
864 1192 911 1251 (vv.
932 1192 1037 1256 1-20)ι

94 1258 212 1318 aimulque
224 1272 270 1304 non
282 1257 332 1303 eine
343 1272 455 1317 generoso
466 1258 605 1319 praetentio
621 1273 669 1304 enoe
684 1271 753 1303 aenou
767 1271 809 1302 rua
827 1259 930 1303 carmina
944 1260 1039 1320 proprio

94 1333 119 1370 et
138 1323 252 1369 Romania
269 1331 338 1368 antea
354 1322 472 1381 incognito
490 1322 588 1369 artificio
607 1322 667 1368 facta
683 1336 736 1367 cum
754 1322 851 1367 latorum
868 1322 962 1382 ineptiis
981 1339 1038 1370 con-

94 1388 172 1435 tendit
190 1386 238 1448 (vr.
250 1384 374 1447 21-34)ι
395 1387 478 1434 deiude
494 1389 523 1433 de
538 1388 704 1434 malevolorum
720 1386 745 1432 iu
760 1400 785 1432 ee
802 1386 930 1434 invidentia
941 1390 1038 1449 ejttaque

94 1452 172 1499 causi·
184 1451 281 1512 exponit
301 1450 350 1513 (vv.
361 1448 476 1515 tte-49).
494 1452 689 1511 Zeti-Scripta
698 1451 790 1497 videtur
801 1463 825 1497 a.
835 1464 860 1497 u.
868 1464 889 1498 c.
902 1451 957 1506 739.

129 1517 151 1572 1,
163 1518 187 1566 2.
206 1513 311 1578 [Ρτίιιο]
329 1524 355 1561 ut
371 1525 445 1576 poetae
462 1517 542 1576 priscae
561 1516 688 1573 comoediae,
706 1524 798 1562 mortuo
809 1517 902 1577 Olymp.
914 1518 954 1573 09,
969 1518 990 1574 1,
1001 1519 1037 1564 vel

95 1583 117 1629 2.
137 1579 200 1641 (423
218 1596 238 1627 a.
255 1578 322 1639 Chr.)
341 1580 388 1627 (lt'r.
405 1583 452 1627 Sat.
466 1581 487 1637 1,
498 1582 521 1637 4,
536 1578 694 1642 l.-[doctc]
711 1581 767 1640 ‘qui
783 1583 842 1627 bene
853 1592 957 1659 vergatur
971 1598 996 1629 ea
1012 1584 1037 1629 in

93 1647 170 1693 literis
182 1645 270 1693 Gracia
281 1655 305 1692 et
317 1645 413 1702 Latinio,
432 1660 458 1693 ac
469 1654 591 1707 propterea
601 1645 679 1706 ipsum
690 1660 782 1706 quoque
798 1646 920 1692 Cratinum
938 1647 1037 1694 triviati.’

93 1708 236 1789 -LNulld
256 1709 286 1757 In
305 1708 404 1773 Πυτίνῃ
422 1712 466 1757 boc
485 1711 585 1757 edicione
603 1711 709 1756 videtur:
729 1708 803 1767 Οίνος
822 1711 916 1774 ποιητῇ
934 1708 1038 1775 γίγονεν

94 1773 129 1832 ὥς
141 1791 222 1831 ιπιτος
233 1770 408 1837 rapte-‘utura
420 1772 445 1823 ὃί
457 1774 539 1823 πίνων
550 1770 624 1822 οὐδὲν
635 1773 668 1823 ἂν
680 1770 745 1821 τίιιοι
756 1775 797 1836 (al.
808 1771 896 1836 τίιιοις)
909 1776 992 1839 σοφόν.

127 1841 152 1898 3,
164 1840 188 1888 4.
206 1839 276 1902 [mala
290 1837 368 1901 ιαιιοι]
385 1839 505 1898 ‘veaanoa‚
516 1840 572 1901 quia
582 1838 718 1903 μαίνονται
728 1839 805 1886 lurore
820 1842 910 1901 poetico
922 1842 1037 1902 correpti!

93 1906 150 1952 ‘Ex
161 1920 191 1952 eo
202 1905 321 1966 tempore,’
332 1905 417 1964 lnquit,
430 1906 492 1965 ‘quo
503 1906 604 1966 primum
620 1914 699 1965 poetae
712 1905 817 1951 Bacchus
827 1920 893 1951 auam
903 1906 928 1951 in
940 1908 1038 1953 tutelam
1099 1922 1103 1933 ¹

94 1970 264 2030 recepltatquc
277 1984 386 2017 unacum
402 1970 532 2029 Satyrione
549 1970 637 2016 Fannia
647 1966 709 2032 (aive
725 1966 838 2029 Paniacle)
855 1970 880 2015 in
896 1986 965 2018 auum
981 1987 1037 2018 con·

93 2036 194 2082 tortium
205 2034 311 2094 adscivit,
321 2034 345 2080 id
359 2042 401 2092 eat,
412 2034 467 2081 inde
478 2049 492 2080 a
503 2034 578 2096 primi
589 2034 665 2096 poecis
675 2034 773 2093 origine,
787 2034 843 2094 ipsae
858 2050 950 2095 quoque
963 2038 1037 2083 Mueae

87 2098 143 2161 sere
155 2097 311 2160 (plerumque,
327 2114 399 2160 prope
416 2098 519 2160 temper)
531 2102 566 2145 vel
584 2114 653 2146 mune
669 2099 752 2145 sobria
768 2114 814 2145 non
829 2099 930 2156 luerunt,
949 2101 1038 2147 olentea

94 2164 166 2211 etiam
177 2174 231 2210 tuuc
239 2165 320 2210 vinum
330 2172 396 2210 nocte
404 2164 561 2225 potatum’-
570 2161 725 2227 [Adecrr'prr't]
738 2167 752 2190 “
760 2172 878 2223 tamquam
888 2165 912 2210 in
921 2165 1037 2225 legionem

93 2244 178 2283 auam:
196 2244 250 2275 nam
261 2228 306 2274 boc
316 2231 412 2275 verbum
425 2229 525 2275 militare
537 2230 595 2276 eet.''
612 2230 695 2290 Porpln
714 2228 758 2275 Od.
770 2228 792 2288 3,
804 2228 826 2284 3,
838 2229 877 2275 24.

127 2294 198 2341 6-9.
218 2291 467 2355 [arguitur-uinctus]
485 2291 596 2357 φίλοινος
607 2288 658 2341 riu:
677 2297 713 2340 ‘ne
724 2292 773 2353 ipae
783 2294 867 2353 prodit,
883 2300 996 2338 monetrat
1012 2308 1037 2339 ce

93 2358 175 2405 vinum
193 2372 283 2405 amasae
299 2358 414 2414 laudibus,
431 2373 489 2417 quaa
505 2357 526 2404 ei
542 2358 662 2419 impertit‚’
680 2368 707 2405 ut
719 2358 787 2403 lliad.
799 2360 825 2403 Z.
836 2357 891 2413 261,
908 2353 995 2419 'nvtpt
1011 2354 1037 2405 dl

94 2424 216 2485 κεκμηῶτι
231 2420 306 2484 μένος
319 2418 385 2485 μίγα
400 2420 467 2477 οἶνος
483 2418 556 2482 ditet,
570 2433 595 2469 et
609 2422 696 2483 partim
712 2422 734 2468 ei
750 2419 854 2469 ίπίθιτα
872 2422 976 2469 tribuens
996 2420 1036 2469 alr-

93 2484 184 2550 ἡνορα,
194 2485 338 2550 μελίφρονα,
348 2483 519 2549 μενοεικέα-
527 2486 628 2549 [Ennius
653 2487 739 2548 quippe
748 2487 788 2547 qui
799 2488 849 2546 ipae
860 2488 889 2533 dc
900 2502 925 2534 ac
936 2487 1037 2534 dixeritt

93 2554 220 2615 Nunquam
236 2559 313 2614 poetar
331 2554 376 2598 nini
389 2554 537 2614 podager.-
548 2548 630 2612 [puter
660 2554 692 2599 Et
708 2552 764 2611 quia
778 2552 868 2597 duobua
882 2561 935 2598 ante
953 2553 1037 2599 aeculia

92 2619 203 2664 floruerat
219 2626 242 2663 et
258 2617 314 2677 quia
330 2631 382 2663 cum
397 2615 463 2662 Livio
474 2615 609 2663 Andronico
622 2617 749 2676 Naevioque
764 2625 843 2663 auctor
859 2617 936 2676 poetic
947 2616 1037 2664 Latina

92 2679 326 2743 habebam-[od
346 2678 423 2742 urruu]
452 2681 583 2728 Praeartim
605 2682 630 2727 in
653 2682 792 2737 Annalibus,
814 2695 913 2740 quorum
934 2682 1037 2742 primum

92 2762 188 2793 vernum
204 2747 259 2794 fecit
270 2746 374 2792 Merula:
393 2747 497 2793 Horrida
512 2746 644 2793 Romulum
658 2749 782 2793 certamino
795 2762 872 2807 pungo
888 2748 993 2793 duellum.
1003 2771 1037 2781 -

94 2808 230 2875 [Prosiluit]
249 2810 315 2870 quasi
332 2810 381 2871 ipse
397 2825 500 2871 pugnam
512 2808 803 2873 initurum—[pateatque
817 2808 925 2871 Libonis]
943 2812 990 2859 cn.
1005 2814 1035 2860 ad

93 2880 142 2923 Sat.
156 2877 180 2933 2,
192 2876 216 2934 0,
227 2877 266 2924 35.
300 2876 381 2921 Puteal
401 2876 426 2921 in
445 2875 495 2922 soro
514 2876 543 2921 ad
562 2873 675 2921 fornicem
694 2875 822 2922 Fabianum
841 2884 992 2931 exstructum,
1009 2885 1036 2923 ut

92 2942 194 2996 videtur,
213 2956 229 3005 a
250 2942 276 2987 L·
297 2940 417 2987 Scribonio
437 2940 533 2995 Libone,
551 2949 637 3000 praetor
657 2940 697 2999 qul
713 2939 758 2985 tuit
775 2952 800 2986 Α.
812 2952 836 2986 u.
849 2952 870 2986 o.
887 2941 943 2996 500,
959 2941 1037 3001 potiut

93 3020 165 3066 quam
181 3020 195 3051 a
210 3006 348 3065 cognomine
359 3006 453 3051 contule
469 3017 493 3051 Α.
502 3017 525 3051 υ.
536 3017 557 3051 ο.
574 3004 630 3060 720,
642 3003 728 3051 “locun
739 3006 769 3050 ad
780 3019 850 3064 quem
867 3006 1037 3052 conveniebant

91 3071 260 3117 feneratoree.”
276 3072 331 3117 Acr.
340 3094 373 3104 -
382 3066 524 3131 [Mundodo]
543 3068 637 3115 Futuria
652 3070 733 3125 utitur,
752 3077 778 3115 ut
789 3068 861 3116 facete
873 3070 977 3116 imitetur
988 3070 1036 3116 sor·

92 3137 168 3182 mulae
180 3135 249 3182 edicti
260 3134 373 3195 pretoria.
397 3135 444 3181 Cic.
454 3135 537 3181 Accua.
547 3135 568 3189 1,
578 3134 617 3187 44,
629 3134 679 3182 Nec
686 3136 818 3195 petitionem
829 3151 870 3182 nac
878 3136 1037 3195 porrectionem

92 3202 158 3248 dodo.
165 3197 326 3261 -[adirnorn]
345 3201 437 3246 ‘revere
447 3199 592 3255 interdicam,
603 3213 634 3245 ue
645 3208 753 3259 poemata
763 3200 918 3259 componant!
928 3203 974 3233 -‘
986 3201 1035 3247 Sic·

92 3265 220 3325 arrigitur,
231 3264 356 3311 abstemios
368 3262 406 3324 (ut
419 3265 463 3310 Od.
478 3263 545 3319 1,18,
555 3262 592 3321 3),
601 3265 689 3324 jubebo
699 3265 732 3311 rel
743 3264 832 3311 fenebri
844 3277 933 3319 vacare,
949 3264 1036 3325 quippe

92 3330 236 3390 quipoetico
252 3343 321 3376 aenou
334 3329 482 3375 careaut'-
491 3326 598 3391 [ιινοτίι]
620 3329 676 3389 ‘qui
690 3331 720 3375 ab
737 3329 802 3375 omni
813 3330 869 3375 ludo
883 3330 983 3388 jocoque
993 3332 1035 3375 ab·

92 3394 197 3441 borrent'
215 3393 263 3455 (tte
274 3393 380 3454 νιοτοιι).

128 3457 216 3515 10,11.
236 3455 323 3520 [edici]
341 3459 476 3517 'umquam
491 3457 591 3517 praeton'
627 3458 714 3519 Lepide
730 3457 825 3504 simulat
838 3470 919 3502 omnen
930 3456 970 3516 qui
985 3465 1036 3504 tum

92 3532 215 3585 poetarum
229 3538 314 3569 nomen
325 3523 469 3587 affectarent,
485 3536 551 3567 auam
563 3524 725 3570 auctoritatem
739 3521 855 3581 extemplo
870 3529 960 3567 mutor
978 3538 1035 3579 eoae,

15 3608 16 3617 ι
93 3591 227 3649 quasivero
244 3588 317 3649 ipaiue
334 3587 410 3634 edicto
427 3587 613 3646 obtemperanter
631 3589 705 3634 multo
721 3584 891 3648 prudentiores
911 3588 1037 3635 evaderent

93 3664 215 3715 poetan-
223 3648 332 3715 [putere]
350 3666 372 3701 v.
382 3650 485 3699 odiovina
495 3666 565 3711 quam
573 3665 595 3699 v.
603 3652 628 3709 b,
638 3654 704 3700 olere.
798 3692 801 3697 .
