<?xml version="1.0" encoding="UTF-8"?>
<!DOCTYPE html PUBLIC "-//W3C//DTD XHTML 1.0 Transitional//EN"
    "http://www.w3.org/TR/xhtml1/DTD/xhtml1-transitional.dtd">
<html xmlns="http://www.w3.org/1999/xhtml" xml:lang="en" lang="en">
 <head>
  <title>
</title>
<meta http-equiv="Content-Type" content="text/html;charset=utf-8" />
  <meta name='ocr-system' content='tesseract 3.04.00' />
  <meta name='ocr-capabilities' content='ocr_page ocr_carea ocr_par ocr_line ocrx_word'/>
</head>
<body>
  <div class='ocr_page' id='page_1' title='image "./ecloghoratianad00flacgoog_0231.png"; bbox 0 0 2442 4059; ppageno 0'>
   <div class='ocr_carea' id='block_1_1' title="bbox 113 285 1056 353">
    <p class='ocr_par' dir='ltr' id='par_1_1' title="bbox 113 285 1056 353">
     <span class='ocr_line' id='line_1_1' title="bbox 113 285 1056 353; baseline 0.007 -18"><span class='ocrx_word' id='word_1_1' title='bbox 113 300 169 335; x_wconf 77' lang='lat' dir='ltr'>ura.</span> <span class='ocrx_word' id='word_1_2' title='bbox 182 300 199 336; x_wconf 85' lang='lat' dir='ltr'>r.</span> <span class='ocrx_word' id='word_1_3' title='bbox 213 285 262 350; x_wconf 75' lang='lat' dir='ltr'>ln]</span> <span class='ocrx_word' id='word_1_4' title='bbox 442 287 737 335; x_wconf 80' lang='lat' dir='ltr'>INTERPRETATIO..</span> <span class='ocrx_word' id='word_1_5' title='bbox 991 290 1056 353; x_wconf 69' lang='lat'>223</span> 
     </span>
    </p>
   </div>
   <div class='ocr_carea' id='block_1_2' title="bbox 109 434 1120 695">
    <p class='ocr_par' dir='ltr' id='par_1_2' title="bbox 109 434 1120 695">
     <span class='ocr_line' id='line_1_2' title="bbox 109 434 1056 501; baseline 0.002 -16"><span class='ocrx_word' id='word_1_6' title='bbox 109 441 195 500; x_wconf 82' lang='lat' dir='ltr'>pando</span> <span class='ocrx_word' id='word_1_7' title='bbox 216 434 422 487; x_wconf 61' lang='lat' dir='ltr'>bosea-foma</span> <span class='ocrx_word' id='word_1_8' title='bbox 443 436 497 501; x_wconf 80' lang='lat' dir='ltr'>scit]</span> <span class='ocrx_word' id='word_1_9' title='bbox 529 439 555 484; x_wconf 94' lang='lat' dir='ltr'>ln</span> <span class='ocrx_word' id='word_1_10' title='bbox 580 438 727 498; x_wconf 87' lang='lat' dir='ltr'>proverbium</span> <span class='ocrx_word' id='word_1_11' title='bbox 748 440 871 486; x_wconf 82' lang='lat' dir='ltr'>transierat</span> <span class='ocrx_word' id='word_1_12' title='bbox 894 438 1056 501; x_wconf 82' lang='lat' dir='ltr'>Aristophanis</span> 
     </span>
     <span class='ocr_line' id='line_1_3' title="bbox 115 498 1056 566; baseline 0.003 -16"><span class='ocrx_word' id='word_1_13' title='bbox 115 506 188 564; x_wconf 87' lang='lat' dir='ltr'>Vesp.</span> <span class='ocrx_word' id='word_1_14' title='bbox 201 504 270 559; x_wconf 72' lang='lat'>14³1,</span> <span class='ocrx_word' id='word_1_15' title='bbox 285 504 312 549; x_wconf 87' lang='grc' dir='ltr'>Ι).</span> <span class='ocrx_word' id='word_1_16' title='bbox 343 499 414 566; x_wconf 75' lang='lat' dir='ltr'>Eprius</span> <span class='ocrx_word' id='word_1_17' title='bbox 426 517 464 558; x_wconf 79' lang='lat' dir='ltr'>rac</span> <span class='ocrx_word' id='word_1_18' title='bbox 474 502 507 560; x_wconf 84' lang='grc' dir='ltr'>ἣν</span> <span class='ocrx_word' id='word_1_19' title='bbox 518 498 623 559; x_wconf 77' lang='grc' dir='ltr'>’ἕκαστος</span> <span class='ocrx_word' id='word_1_20' title='bbox 633 499 705 561; x_wconf 78' lang='grc' dir='ltr'><strong><em>εἰδείη</em></strong></span> <span class='ocrx_word' id='word_1_21' title='bbox 717 501 819 566; x_wconf 79' lang='grc' dir='ltr'>τέχνην.</span> <span class='ocrx_word' id='word_1_22' title='bbox 841 504 890 552; x_wconf 86' lang='lat' dir='ltr'>Cic.</span> <span class='ocrx_word' id='word_1_23' title='bbox 901 507 969 552; x_wconf 88' lang='lat' dir='ltr'>Tusc.</span> <span class='ocrx_word' id='word_1_24' title='bbox 984 506 1005 562; x_wconf 92' lang='grc'>1,</span> <span class='ocrx_word' id='word_1_25' title='bbox 1017 506 1056 560; x_wconf 71' lang='lat' dir='ltr'>ll,</span> 
     </span>
     <span class='ocr_line' id='line_1_4' title="bbox 113 570 1120 632; baseline 0.001 -16"><span class='ocrx_word' id='word_1_26' title='bbox 113 570 182 616; x_wconf 81' lang='lat' dir='ltr'>Bene</span> <span class='ocrx_word' id='word_1_27' title='bbox 198 572 256 615; x_wconf 84' lang='lat' dir='ltr'>enim</span> <span class='ocrx_word' id='word_1_28' title='bbox 275 570 315 614; x_wconf 87' lang='lat' dir='ltr'>s&#39;llo</span> <span class='ocrx_word' id='word_1_29' title='bbox 327 570 446 628; x_wconf 80' lang='lat' dir='ltr'>proverbio</span> <span class='ocrx_word' id='word_1_30' title='bbox 466 570 594 615; x_wconf 71' lang='lat' dir='ltr'>Graecorum</span> <span class='ocrx_word' id='word_1_31' title='bbox 615 572 764 629; x_wconf 73' lang='lat' dir='ltr'>praecipitur:</span> <span class='ocrx_word' id='word_1_32' title='bbox 789 571 861 619; x_wconf 81' lang='lat' dir='ltr'>Quam</span> <span class='ocrx_word' id='word_1_33' title='bbox 879 574 973 632; x_wconf 77' lang='lat' dir='ltr'>quisque</span> <span class='ocrx_word' id='word_1_34' title='bbox 994 574 1056 617; x_wconf 85' lang='lat' dir='ltr'>novit</span> <span class='ocrx_word' id='word_1_35' title='bbox 1116 572 1120 579; x_wconf 89' lang='lat'><em>&#39;</em></span> 
     </span>
     <span class='ocr_line' id='line_1_5' title="bbox 112 631 1055 695; baseline 0.001 -15"><span class='ocrx_word' id='word_1_36' title='bbox 112 640 197 689; x_wconf 81' lang='lat' dir='ltr'>artem,</span> <span class='ocrx_word' id='word_1_37' title='bbox 214 635 257 679; x_wconf 84' lang='lat' dir='ltr'>hac</span> <span class='ocrx_word' id='word_1_38' title='bbox 273 648 296 679; x_wconf 84' lang='lat' dir='ltr'>se</span> <span class='ocrx_word' id='word_1_39' title='bbox 313 640 421 679; x_wconf 78' lang='lat' dir='ltr'>ererceot.</span> <span class='ocrx_word' id='word_1_40' title='bbox 431 631 588 695; x_wconf 85' lang='lat' dir='ltr'>-[ceneebo]</span> <span class='ocrx_word' id='word_1_41' title='bbox 604 633 699 679; x_wconf 88' lang='lat' dir='ltr'>Domini</span> <span class='ocrx_word' id='word_1_42' title='bbox 714 643 750 681; x_wconf 89' lang='lat' dir='ltr'>est</span> <span class='ocrx_word' id='word_1_43' title='bbox 765 635 886 689; x_wconf 84' lang='lat' dir='ltr'>sententia,</span> <span class='ocrx_word' id='word_1_44' title='bbox 903 652 956 695; x_wconf 81' lang='lat' dir='ltr'>quae</span> <span class='ocrx_word' id='word_1_45' title='bbox 973 637 1055 686; x_wconf 85' lang='lat' dir='ltr'>eadem</span> 
     </span>
    </p>
   </div>
   <div class='ocr_carea' id='block_1_3' title="bbox 113 696 1054 809">
    <p class='ocr_par' dir='ltr' id='par_1_3' title="bbox 113 696 1054 809">
     <span class='ocr_line' id='line_1_6' title="bbox 113 696 1054 760; baseline 0.002 -15"><span class='ocrx_word' id='word_1_46' title='bbox 113 712 210 757; x_wconf 87' lang='lat' dir='ltr'>semper</span> <span class='ocrx_word' id='word_1_47' title='bbox 224 698 268 743; x_wconf 92' lang='lat' dir='ltr'>erit</span> <span class='ocrx_word' id='word_1_48' title='bbox 280 696 353 757; x_wconf 90' lang='lat' dir='ltr'>(unde</span> <span class='ocrx_word' id='word_1_49' title='bbox 370 697 447 743; x_wconf 85' lang='lat' dir='ltr'>laturo</span> <span class='ocrx_word' id='word_1_50' title='bbox 467 696 560 759; x_wconf 89' lang='lat' dir='ltr'>utitur),</span> <span class='ocrx_word' id='word_1_51' title='bbox 577 698 615 744; x_wconf 91' lang='lat' dir='ltr'>cui</span> <span class='ocrx_word' id='word_1_52' title='bbox 635 708 716 758; x_wconf 90' lang='lat' dir='ltr'>pareat</span> <span class='ocrx_word' id='word_1_53' title='bbox 733 709 839 760; x_wconf 88' lang='lat' dir='ltr'>uterque,</span> <span class='ocrx_word' id='word_1_54' title='bbox 850 701 940 747; x_wconf 79' lang='lat' dir='ltr'>villicus</span> <span class='ocrx_word' id='word_1_55' title='bbox 957 709 981 747; x_wconf 90' lang='lat' dir='ltr'>et</span> <span class='ocrx_word' id='word_1_56' title='bbox 996 702 1054 756; x_wconf 90' lang='lat' dir='ltr'>calo,</span> 
     </span>
     <span class='ocr_line' id='line_1_7' title="bbox 114 770 265 809; baseline 0 0"><span class='ocrx_word' id='word_1_57' title='bbox 114 778 212 809; x_wconf 85' lang='lat' dir='ltr'>necesse</span> <span class='ocrx_word' id='word_1_58' title='bbox 223 770 265 809; x_wconf 70' lang='lat' dir='ltr'>est.</span> 
     </span>
    </p>
   </div>
   <div class='ocr_carea' id='block_1_4' title="bbox 478 982 704 1031">
    <p class='ocr_par' dir='ltr' id='par_1_4' title="bbox 478 982 704 1031">
     <span class='ocr_line' id='line_1_8' title="bbox 478 982 704 1031; baseline 0.009 -2"><span class='ocrx_word' id='word_1_59' title='bbox 478 982 638 1031; x_wconf 74' lang='lat' dir='ltr'>El’lsrota</span> <span class='ocrx_word' id='word_1_60' title='bbox 652 983 704 1031; x_wconf 88' lang='lat' dir='ltr'>XV.</span> 
     </span>
    </p>
   </div>
   <div class='ocr_carea' id='block_1_5' title="bbox 109 1143 1099 3674">
    <p class='ocr_par' dir='ltr' id='par_1_5' title="bbox 115 1143 1099 1603">
     <span class='ocr_line' id='line_1_9' title="bbox 150 1143 1099 1214; baseline 0 -14"><span class='ocrx_word' id='word_1_61' title='bbox 150 1147 260 1200; x_wconf 73' lang='lat' dir='ltr'>Annuus.</span> <span class='ocrx_word' id='word_1_62' title='bbox 278 1154 304 1199; x_wconf 84' lang='lat' dir='ltr'>C.</span> <span class='ocrx_word' id='word_1_63' title='bbox 320 1152 451 1199; x_wconf 89' lang='lat' dir='ltr'>Numonius</span> <span class='ocrx_word' id='word_1_64' title='bbox 463 1152 521 1199; x_wconf 90' lang='lat' dir='ltr'>Vala</span> <span class='ocrx_word' id='word_1_65' title='bbox 532 1150 627 1214; x_wconf 90' lang='lat' dir='ltr'>(Vellei.</span> <span class='ocrx_word' id='word_1_66' title='bbox 639 1156 661 1209; x_wconf 82' lang='lat'>2,</span> <span class='ocrx_word' id='word_1_67' title='bbox 675 1151 732 1214; x_wconf 88' lang='grc'><strong>119)</strong></span> <span class='ocrx_word' id='word_1_68' title='bbox 744 1154 837 1200; x_wconf 82' lang='lat' dir='ltr'>ridetur</span> <span class='ocrx_word' id='word_1_69' title='bbox 847 1154 931 1200; x_wconf 80' lang='lat' dir='ltr'>fundos</span> <span class='ocrx_word' id='word_1_70' title='bbox 948 1154 1056 1200; x_wconf 90' lang='lat' dir='ltr'>habuisse</span> <span class='ocrx_word' id='word_1_71' title='bbox 1093 1143 1099 1165; x_wconf 84' lang='lat'><em>&#39;</em></span> 
     </span>
     <span class='ocr_line' id='line_1_10' title="bbox 115 1218 1057 1279; baseline 0.001 -16"><span class='ocrx_word' id='word_1_72' title='bbox 115 1230 192 1279; x_wconf 81' lang='lat' dir='ltr'>prope</span> <span class='ocrx_word' id='word_1_73' title='bbox 205 1218 294 1263; x_wconf 80' lang='lat' dir='ltr'>Veliam</span> <span class='ocrx_word' id='word_1_74' title='bbox 309 1224 338 1263; x_wconf 88' lang='lat' dir='ltr'>et.</span> <span class='ocrx_word' id='word_1_75' title='bbox 348 1218 477 1273; x_wconf 87' lang='lat' dir='ltr'>Salernum,</span> <span class='ocrx_word' id='word_1_76' title='bbox 496 1219 524 1263; x_wconf 93' lang='lat' dir='ltr'>de</span> <span class='ocrx_word' id='word_1_77' title='bbox 542 1233 640 1278; x_wconf 90' lang='lat' dir='ltr'>quorum</span> <span class='ocrx_word' id='word_1_78' title='bbox 659 1221 797 1279; x_wconf 87' lang='lat' dir='ltr'>oppidorum</span> <span class='ocrx_word' id='word_1_79' title='bbox 815 1220 872 1265; x_wconf 87' lang='lat' dir='ltr'>coelo</span> <span class='ocrx_word' id='word_1_80' title='bbox 891 1234 918 1263; x_wconf 90' lang='lat' dir='ltr'>ac</span> <span class='ocrx_word' id='word_1_81' title='bbox 935 1220 983 1264; x_wconf 93' lang='lat' dir='ltr'>solo</span> <span class='ocrx_word' id='word_1_82' title='bbox 1002 1233 1057 1264; x_wconf 92' lang='lat' dir='ltr'>eum</span> 
     </span>
     <span class='ocr_line' id='line_1_11' title="bbox 115 1283 1057 1343; baseline -0.002 -14"><span class='ocrx_word' id='word_1_83' title='bbox 115 1284 255 1342; x_wconf 83' lang='lat' dir='ltr'>interrogat,</span> <span class='ocrx_word' id='word_1_84' title='bbox 272 1297 344 1342; x_wconf 90' lang='lat' dir='ltr'>quum</span> <span class='ocrx_word' id='word_1_85' title='bbox 362 1284 386 1327; x_wconf 92' lang='lat' dir='ltr'>in</span> <span class='ocrx_word' id='word_1_86' title='bbox 405 1284 478 1328; x_wconf 86' lang='lat' dir='ltr'>altero</span> <span class='ocrx_word' id='word_1_87' title='bbox 494 1293 546 1328; x_wconf 85' lang='lat' dir='ltr'>utro</span> <span class='ocrx_word' id='word_1_88' title='bbox 562 1298 603 1343; x_wconf 92' lang='lat' dir='ltr'>per</span> <span class='ocrx_word' id='word_1_89' title='bbox 619 1284 719 1329; x_wconf 83' lang='lat' dir='ltr'>hiemem</span> <span class='ocrx_word' id='word_1_90' title='bbox 732 1298 755 1329; x_wconf 77' lang='lat' dir='ltr'>a.</span> <span class='ocrx_word' id='word_1_91' title='bbox 767 1297 791 1330; x_wconf 84' lang='lat' dir='ltr'>u.</span> <span class='ocrx_word' id='word_1_92' title='bbox 803 1296 825 1329; x_wconf 88' lang='lat' dir='ltr'>c.</span> <span class='ocrx_word' id='word_1_93' title='bbox 835 1283 891 1337; x_wconf 81' lang='lat'>731,</span> <span class='ocrx_word' id='word_1_94' title='bbox 902 1283 957 1337; x_wconf 78' lang='lat'>732,</span> <span class='ocrx_word' id='word_1_95' title='bbox 973 1284 1057 1341; x_wconf 80' lang='lat' dir='ltr'>degere</span> 
     </span>
     <span class='ocr_line' id='line_1_12' title="bbox 116 1347 1056 1404; baseline 0 -11"><span class='ocrx_word' id='word_1_96' title='bbox 116 1349 198 1393; x_wconf 86' lang='lat' dir='ltr'>vellet.</span> <span class='ocrx_word' id='word_1_97' title='bbox 232 1347 377 1393; x_wconf 81' lang='lat' dir='ltr'>Constructio</span> <span class='ocrx_word' id='word_1_98' title='bbox 393 1348 442 1393; x_wconf 86' lang='lat' dir='ltr'>haec</span> <span class='ocrx_word' id='word_1_99' title='bbox 458 1356 507 1393; x_wconf 87' lang='lat' dir='ltr'>est:</span> <span class='ocrx_word' id='word_1_100' title='bbox 525 1348 585 1394; x_wconf 85' lang='lat' dir='ltr'>‘l’ar</span> <span class='ocrx_word' id='word_1_101' title='bbox 601 1357 637 1394; x_wconf 89' lang='lat' dir='ltr'>est</span> <span class='ocrx_word' id='word_1_102' title='bbox 655 1357 678 1393; x_wconf 90' lang='lat' dir='ltr'>te</span> <span class='ocrx_word' id='word_1_103' title='bbox 695 1348 802 1404; x_wconf 86' lang='lat' dir='ltr'>scribere,</span> <span class='ocrx_word' id='word_1_104' title='bbox 819 1363 860 1393; x_wconf 92' lang='lat' dir='ltr'>nos</span> <span class='ocrx_word' id='word_1_105' title='bbox 876 1348 918 1393; x_wconf 90' lang='lat' dir='ltr'>tibi</span> <span class='ocrx_word' id='word_1_106' title='bbox 935 1348 1056 1393; x_wconf 84' lang='lat' dir='ltr'>accredere</span> 
     </span>
     <span class='ocr_line' id='line_1_13' title="bbox 117 1409 1058 1476; baseline -0.003 -17"><span class='ocrx_word' id='word_1_107' title='bbox 117 1409 154 1473; x_wconf 83' lang='lat' dir='ltr'>(v.</span> <span class='ocrx_word' id='word_1_108' title='bbox 171 1411 223 1473; x_wconf 78' lang='lat'>25),</span> <span class='ocrx_word' id='word_1_109' title='bbox 238 1427 290 1476; x_wconf 71' lang='lat' dir='ltr'>quas</span> <span class='ocrx_word' id='word_1_110' title='bbox 307 1412 337 1458; x_wconf 88' lang='lat' dir='ltr'>sit</span> <span class='ocrx_word' id='word_1_111' title='bbox 354 1412 435 1465; x_wconf 89' lang='lat' dir='ltr'>hiems,</span> <span class='ocrx_word' id='word_1_112' title='bbox 454 1412 576 1471; x_wconf 76' lang='lat' dir='ltr'>qualisvis</span> <span class='ocrx_word' id='word_1_113' title='bbox 587 1409 635 1473; x_wconf 81' lang='lat' dir='ltr'>(vv.</span> <span class='ocrx_word' id='word_1_114' title='bbox 648 1410 715 1472; x_wconf 80' lang='lat'>1,2)‚</span> <span class='ocrx_word' id='word_1_115' title='bbox 727 1416 800 1473; x_wconf 83' lang='lat' dir='ltr'>major</span> <span class='ocrx_word' id='word_1_116' title='bbox 817 1423 895 1459; x_wconf 89' lang='lat' dir='ltr'>utrum</span> <span class='ocrx_word' id='word_1_117' title='bbox 913 1413 1058 1473; x_wconf 87' lang='lat' dir='ltr'>populum—-</span> 
     </span>
     <span class='ocr_line' id='line_1_14' title="bbox 117 1476 1059 1539; baseline 0 -17"><span class='ocrx_word' id='word_1_118' title='bbox 117 1477 189 1536; x_wconf 75' lang='lat' dir='ltr'>sugis</span> <span class='ocrx_word' id='word_1_119' title='bbox 200 1492 266 1536; x_wconf 81' lang='lat' dir='ltr'>aqua²</span> <span class='ocrx_word' id='word_1_120' title='bbox 276 1476 323 1536; x_wconf 86' lang='lat' dir='ltr'>(vv.</span> <span class='ocrx_word' id='word_1_121' title='bbox 333 1476 448 1536; x_wconf 76' lang='lat'>14-16),</span> <span class='ocrx_word' id='word_1_122' title='bbox 455 1477 630 1523; x_wconf 84' lang='lat' dir='ltr'>uter-reverti’</span> <span class='ocrx_word' id='word_1_123' title='bbox 640 1476 686 1538; x_wconf 85' lang='lat' dir='ltr'><strong>(vv.</strong></span> <span class='ocrx_word' id='word_1_124' title='bbox 696 1476 818 1539; x_wconf 64' lang='lat' dir='ltr'>‘ura-24),</span> <span class='ocrx_word' id='word_1_125' title='bbox 830 1486 906 1524; x_wconf 87' lang='lat' dir='ltr'>cetera</span> <span class='ocrx_word' id='word_1_126' title='bbox 917 1483 962 1538; x_wconf 82' lang='lat' dir='ltr'><strong>(vv.</strong></span> <span class='ocrx_word' id='word_1_127' title='bbox 971 1476 1059 1531; x_wconf 82' lang='lat'>3-13,</span> 
     </span>
     <span class='ocr_line' id='line_1_15' title="bbox 118 1538 659 1603; baseline 0.002 -16"><span class='ocrx_word' id='word_1_128' title='bbox 118 1556 247 1599; x_wconf 87' lang='lat' dir='ltr'>rursusque</span> <span class='ocrx_word' id='word_1_129' title='bbox 261 1539 373 1600; x_wconf 78' lang='lat' dir='ltr'>17-2l,)</span> <span class='ocrx_word' id='word_1_130' title='bbox 386 1542 409 1586; x_wconf 94' lang='lat' dir='ltr'>in</span> <span class='ocrx_word' id='word_1_131' title='bbox 422 1538 588 1603; x_wconf 69' lang='grc' dir='ltr'><strong>παρενὸέσεσι</strong></span> <span class='ocrx_word' id='word_1_132' title='bbox 598 1551 659 1588; x_wconf 85' lang='lat' dir='ltr'>sunt.</span> 
     </span>
    </p>

    <p class='ocr_par' dir='ltr' id='par_1_6' title="bbox 109 1602 1061 2311">
     <span class='ocr_line' id='line_1_16' title="bbox 155 1602 1058 1667; baseline -0.001 -16"><span class='ocrx_word' id='word_1_133' title='bbox 155 1605 225 1653; x_wconf 84' lang='lat'><strong>1-3.</strong></span> <span class='ocrx_word' id='word_1_134' title='bbox 243 1603 341 1667; x_wconf 73' lang='lat' dir='ltr'>[Velm]</span> <span class='ocrx_word' id='word_1_135' title='bbox 363 1607 444 1666; x_wconf 85' lang='lat' dir='ltr'>Hyele,</span> <span class='ocrx_word' id='word_1_136' title='bbox 465 1607 540 1661; x_wconf 85' lang='lat' dir='ltr'>Helia,</span> <span class='ocrx_word' id='word_1_137' title='bbox 560 1602 643 1660; x_wconf 74' lang='grc' dir='ltr'><strong>Ἐλέα,</strong></span> <span class='ocrx_word' id='word_1_138' title='bbox 664 1607 772 1652; x_wconf 76' lang='lat' dir='ltr'>Lucaniae</span> <span class='ocrx_word' id='word_1_139' title='bbox 793 1606 904 1666; x_wconf 91' lang='lat' dir='ltr'>oppidum</span> <span class='ocrx_word' id='word_1_140' title='bbox 923 1621 937 1652; x_wconf 88' lang='lat' dir='ltr'>a</span> <span class='ocrx_word' id='word_1_141' title='bbox 955 1604 1058 1653; x_wconf 74' lang='lat' dir='ltr'>Phocaeis</span> 
     </span>
     <span class='ocr_line' id='line_1_17' title="bbox 109 1670 1059 1731; baseline 0 -13"><span class='ocrx_word' id='word_1_142' title='bbox 109 1670 242 1718; x_wconf 78' lang='lat' dir='ltr'>¹conditum</span> <span class='ocrx_word' id='word_1_143' title='bbox 254 1680 380 1731; x_wconf 90' lang='lat' dir='ltr'>notumque</span> <span class='ocrx_word' id='word_1_144' title='bbox 392 1679 485 1731; x_wconf 91' lang='lat' dir='ltr'>propter</span> <span class='ocrx_word' id='word_1_145' title='bbox 496 1673 644 1731; x_wconf 88' lang='lat' dir='ltr'>philosophos</span> <span class='ocrx_word' id='word_1_146' title='bbox 653 1672 776 1728; x_wconf 85' lang='lat' dir='ltr'>Eleaticos,</span> <span class='ocrx_word' id='word_1_147' title='bbox 787 1672 857 1718; x_wconf 88' lang='lat' dir='ltr'>hodie</span> <span class='ocrx_word' id='word_1_148' title='bbox 867 1674 949 1718; x_wconf 83' lang='lat' dir='ltr'>Aleuto</span> <span class='ocrx_word' id='word_1_149' title='bbox 956 1690 965 1725; x_wconf 91' lang='lat'>,·</span> <span class='ocrx_word' id='word_1_150' title='bbox 982 1672 1059 1718; x_wconf 80' lang='lat' dir='ltr'>Saler-</span> 
     </span>
     <span class='ocr_line' id='line_1_18' title="bbox 120 1732 1060 1798; baseline -0.001 -16"><span class='ocrx_word' id='word_1_151' title='bbox 120 1752 176 1782; x_wconf 92' lang='lat' dir='ltr'>num</span> <span class='ocrx_word' id='word_1_152' title='bbox 191 1736 215 1780; x_wconf 93' lang='lat' dir='ltr'>in</span> <span class='ocrx_word' id='word_1_153' title='bbox 233 1750 288 1794; x_wconf 85' lang='lat' dir='ltr'>agro</span> <span class='ocrx_word' id='word_1_154' title='bbox 304 1737 430 1796; x_wconf 88' lang='lat' dir='ltr'>Picentino,</span> <span class='ocrx_word' id='word_1_155' title='bbox 447 1736 563 1795; x_wconf 87' lang='lat' dir='ltr'>hodieque</span> <span class='ocrx_word' id='word_1_156' title='bbox 581 1734 842 1797; x_wconf 75' lang='lat' dir='ltr'>Salmas—[Quorum</span> <span class='ocrx_word' id='word_1_157' title='bbox 859 1733 982 1798; x_wconf 85' lang='lat' dir='ltr'>hominum]</span> <span class='ocrx_word' id='word_1_158' title='bbox 1002 1732 1060 1795; x_wconf 86' lang='lat' dir='ltr'>‘qui</span> 
     </span>
     <span class='ocr_line' id='line_1_19' title="bbox 120 1800 1060 1860; baseline 0.001 -15"><span class='ocrx_word' id='word_1_159' title='bbox 120 1814 200 1846; x_wconf 86' lang='lat' dir='ltr'>mores</span> <span class='ocrx_word' id='word_1_160' title='bbox 222 1801 268 1846; x_wconf 91' lang='lat' dir='ltr'>sint</span> <span class='ocrx_word' id='word_1_161' title='bbox 288 1800 423 1857; x_wconf 88' lang='lat' dir='ltr'>incolarum,</span> <span class='ocrx_word' id='word_1_162' title='bbox 445 1815 497 1860; x_wconf 77' lang='lat' dir='ltr'>quse</span> <span class='ocrx_word' id='word_1_163' title='bbox 518 1802 571 1847; x_wconf 81' lang='lat' dir='ltr'>ritae</span> <span class='ocrx_word' id='word_1_164' title='bbox 593 1801 844 1847; x_wconf 81' lang='lat' dir='ltr'>ratioi’-Antonius</span> <span class='ocrx_word' id='word_1_165' title='bbox 867 1802 936 1847; x_wconf 86' lang='lat' dir='ltr'>Musa</span> <span class='ocrx_word' id='word_1_166' title='bbox 956 1802 1060 1847; x_wconf 85' lang='lat' dir='ltr'>medicus</span> 
     </span>
     <span class='ocr_line' id='line_1_20' title="bbox 121 1865 1060 1927; baseline 0 -16"><span class='ocrx_word' id='word_1_167' title='bbox 121 1866 258 1923; x_wconf 77' lang='lat' dir='ltr'>Augustum</span> <span class='ocrx_word' id='word_1_168' title='bbox 277 1865 398 1911; x_wconf 75' lang='lat' dir='ltr'>arthritide</span> <span class='ocrx_word' id='word_1_169' title='bbox 420 1866 561 1911; x_wconf 85' lang='lat' dir='ltr'>laborantem</span> <span class='ocrx_word' id='word_1_170' title='bbox 583 1865 757 1925; x_wconf 58' lang='lat' dir='ltr'>aquae‘lrigidae</span> <span class='ocrx_word' id='word_1_171' title='bbox 773 1865 944 1927; x_wconf 86' lang='lat' dir='ltr'>perfusionibus</span> <span class='ocrx_word' id='word_1_172' title='bbox 965 1874 989 1913; x_wconf 92' lang='lat' dir='ltr'>et</span> <span class='ocrx_word' id='word_1_173' title='bbox 1006 1880 1060 1925; x_wconf 85' lang='lat' dir='ltr'>gar·</span> 
     </span>
     <span class='ocr_line' id='line_1_21' title="bbox 121 1928 1061 1991; baseline 0.003 -17"><span class='ocrx_word' id='word_1_174' title='bbox 121 1930 230 1989; x_wconf 84' lang='lat' dir='ltr'>garismis</span> <span class='ocrx_word' id='word_1_175' title='bbox 241 1938 368 1986; x_wconf 84' lang='lat' dir='ltr'>curaverat,</span> <span class='ocrx_word' id='word_1_176' title='bbox 384 1928 447 1976; x_wconf 88' lang='lat' dir='ltr'>unde</span> <span class='ocrx_word' id='word_1_177' title='bbox 458 1931 508 1975; x_wconf 80' lang='lat' dir='ltr'>haec</span> <span class='ocrx_word' id='word_1_178' title='bbox 519 1931 628 1976; x_wconf 90' lang='lat' dir='ltr'>medendi</span> <span class='ocrx_word' id='word_1_179' title='bbox 639 1930 677 1977; x_wconf 83' lang='lat' dir='ltr'>via</span> <span class='ocrx_word' id='word_1_180' title='bbox 687 1946 741 1977; x_wconf 84' lang='lat' dir='ltr'>mox</span> <span class='ocrx_word' id='word_1_181' title='bbox 753 1946 863 1990; x_wconf 85' lang='lat' dir='ltr'>magnum</span> <span class='ocrx_word' id='word_1_182' title='bbox 875 1933 982 1991; x_wconf 87' lang='lat' dir='ltr'>plausum</span> <span class='ocrx_word' id='word_1_183' title='bbox 994 1939 1061 1977; x_wconf 81' lang='lat' dir='ltr'>nacta</span> 
     </span>
     <span class='ocr_line' id='line_1_22' title="bbox 121 1990 1061 2057; baseline -0.001 -16"><span class='ocrx_word' id='word_1_184' title='bbox 121 1990 487 2057; x_wconf 69' lang='lat' dir='ltr'>est—[superuacuas-socit]</span> <span class='ocrx_word' id='word_1_185' title='bbox 506 1995 576 2040; x_wconf 85' lang='lat' dir='ltr'>‘dicit</span> <span class='ocrx_word' id='word_1_186' title='bbox 587 1996 678 2041; x_wconf 91' lang='lat' dir='ltr'>nullum</span> <span class='ocrx_word' id='word_1_187' title='bbox 692 1996 747 2042; x_wconf 93' lang='lat' dir='ltr'>inde</span> <span class='ocrx_word' id='word_1_188' title='bbox 762 1998 909 2042; x_wconf 90' lang='lat' dir='ltr'>commodum</span> <span class='ocrx_word' id='word_1_189' title='bbox 923 1999 953 2042; x_wconf 90' lang='lat' dir='ltr'>ad</span> <span class='ocrx_word' id='word_1_190' title='bbox 971 2010 1008 2041; x_wconf 89' lang='lat' dir='ltr'>me</span> <span class='ocrx_word' id='word_1_191' title='bbox 1024 2009 1061 2040; x_wconf 93' lang='lat' dir='ltr'>re·</span> 
     </span>
     <span class='ocr_line' id='line_1_23' title="bbox 121 2057 1061 2122; baseline 0 -19"><span class='ocrx_word' id='word_1_192' title='bbox 121 2059 292 2114; x_wconf 85' lang='lat' dir='ltr'>dundaturum,</span> <span class='ocrx_word' id='word_1_193' title='bbox 303 2060 375 2104; x_wconf 88' lang='lat' dir='ltr'>immo</span> <span class='ocrx_word' id='word_1_194' title='bbox 391 2062 477 2105; x_wconf 86' lang='lat' dir='ltr'>malum</span> <span class='ocrx_word' id='word_1_195' title='bbox 489 2069 582 2106; x_wconf 88' lang='lat' dir='ltr'>auctum</span> <span class='ocrx_word' id='word_1_196' title='bbox 594 2060 638 2107; x_wconf 79' lang='lat' dir='ltr'>iri.¹</span> <span class='ocrx_word' id='word_1_197' title='bbox 647 2085 680 2094; x_wconf 96' lang='lat'><strong>—</strong></span> <span class='ocrx_word' id='word_1_198' title='bbox 689 2057 724 2121; x_wconf 89' lang='lat' dir='ltr'>[et</span> <span class='ocrx_word' id='word_1_199' title='bbox 735 2058 821 2122; x_wconf 85' lang='lat' dir='ltr'>tamen]</span> <span class='ocrx_word' id='word_1_200' title='bbox 840 2062 887 2106; x_wconf 81' lang='lat' dir='ltr'>‘Bt</span> <span class='ocrx_word' id='word_1_201' title='bbox 897 2070 975 2106; x_wconf 87' lang='lat' dir='ltr'>tamen</span> <span class='ocrx_word' id='word_1_202' title='bbox 987 2072 1061 2119; x_wconf 90' lang='lat' dir='ltr'>quum</span> 
     </span>
     <span class='ocr_line' id='line_1_24' title="bbox 123 2124 1060 2185; baseline -0.001 -16"><span class='ocrx_word' id='word_1_203' title='bbox 123 2124 202 2169; x_wconf 74' lang='lat' dir='ltr'>Musae</span> <span class='ocrx_word' id='word_1_204' title='bbox 218 2124 294 2183; x_wconf 91' lang='lat' dir='ltr'>potius</span> <span class='ocrx_word' id='word_1_205' title='bbox 311 2124 378 2169; x_wconf 83' lang='lat' dir='ltr'>irasci</span> <span class='ocrx_word' id='word_1_206' title='bbox 395 2126 507 2171; x_wconf 88' lang='lat' dir='ltr'>deberent</span> <span class='ocrx_word' id='word_1_207' title='bbox 521 2124 612 2184; x_wconf 89' lang='lat' dir='ltr'>pristini</span> <span class='ocrx_word' id='word_1_208' title='bbox 628 2125 675 2171; x_wconf 90' lang='lat' dir='ltr'>mei</span> <span class='ocrx_word' id='word_1_209' title='bbox 689 2127 791 2185; x_wconf 83' lang='lat' dir='ltr'>hospites</span> <span class='ocrx_word' id='word_1_210' title='bbox 804 2126 894 2180; x_wconf 88' lang='lat' dir='ltr'>Baiani,</span> <span class='ocrx_word' id='word_1_211' title='bbox 913 2140 927 2171; x_wconf 88' lang='lat' dir='ltr'>a</span> <span class='ocrx_word' id='word_1_212' title='bbox 944 2140 981 2170; x_wconf 91' lang='lat' dir='ltr'>me</span> <span class='ocrx_word' id='word_1_213' title='bbox 999 2138 1060 2169; x_wconf 91' lang='lat' dir='ltr'>nunc</span> 
     </span>
     <span class='ocr_line' id='line_1_25' title="bbox 122 2187 1061 2251; baseline -0.001 -17"><span class='ocrx_word' id='word_1_214' title='bbox 122 2188 237 2243; x_wconf 88' lang='lat' dir='ltr'>derelicti,</span> <span class='ocrx_word' id='word_1_215' title='bbox 255 2187 366 2235; x_wconf 88' lang='lat' dir='ltr'>innocens</span> <span class='ocrx_word' id='word_1_216' title='bbox 384 2204 427 2248; x_wconf 88' lang='lat' dir='ltr'>ego</span> <span class='ocrx_word' id='word_1_217' title='bbox 444 2190 472 2235; x_wconf 89' lang='lat' dir='ltr'>iis</span> <span class='ocrx_word' id='word_1_218' title='bbox 489 2189 577 2235; x_wconf 82' lang='lat' dir='ltr'>invisus</span> <span class='ocrx_word' id='word_1_219' title='bbox 593 2190 632 2246; x_wconf 86' lang='lat' dir='ltr'>fio,</span> <span class='ocrx_word' id='word_1_220' title='bbox 651 2190 671 2236; x_wconf 88' lang='lat' dir='ltr'>si</span> <span class='ocrx_word' id='word_1_221' title='bbox 688 2204 730 2251; x_wconf 90' lang='lat' dir='ltr'>pro</span> <span class='ocrx_word' id='word_1_222' title='bbox 748 2191 842 2235; x_wconf 91' lang='lat' dir='ltr'>illorum</span> <span class='ocrx_word' id='word_1_223' title='bbox 858 2190 955 2235; x_wconf 90' lang='lat' dir='ltr'>thermis</span> <span class='ocrx_word' id='word_1_224' title='bbox 972 2187 1061 2234; x_wconf 86' lang='lat' dir='ltr'>balneis</span> 
     </span>
     <span class='ocr_line' id='line_1_26' title="bbox 122 2252 293 2311; baseline -0.012 -12"><span class='ocrx_word' id='word_1_225' title='bbox 122 2252 216 2311; x_wconf 74' lang='lat' dir='ltr'>frigidis</span> <span class='ocrx_word' id='word_1_226' title='bbox 226 2253 293 2299; x_wconf 65' lang='lat' dir='ltr'>utor!</span> 
     </span>
    </p>

    <p class='ocr_par' dir='ltr' id='par_1_7' title="bbox 123 2314 1067 3351">
     <span class='ocr_line' id='line_1_27' title="bbox 158 2314 1062 2379; baseline -0.002 -16"><span class='ocrx_word' id='word_1_227' title='bbox 158 2318 230 2365; x_wconf 77' lang='grc'><strong>5-9.</strong></span> <span class='ocrx_word' id='word_1_228' title='bbox 247 2314 331 2379; x_wconf 85' lang='lat' dir='ltr'>[Sane]</span> <span class='ocrx_word' id='word_1_229' title='bbox 350 2319 452 2377; x_wconf 81' lang='lat' dir='ltr'>‘Utique</span> <span class='ocrx_word' id='word_1_230' title='bbox 464 2333 509 2363; x_wconf 91' lang='lat' dir='ltr'>uon</span> <span class='ocrx_word' id='word_1_231' title='bbox 521 2318 571 2365; x_wconf 89' lang='lat' dir='ltr'>siue</span> <span class='ocrx_word' id='word_1_232' title='bbox 588 2319 686 2375; x_wconf 87' lang='lat' dir='ltr'>ratione,</span> <span class='ocrx_word' id='word_1_233' title='bbox 705 2326 731 2365; x_wconf 93' lang='lat' dir='ltr'>ut</span> <span class='ocrx_word' id='word_1_234' title='bbox 748 2318 846 2377; x_wconf 90' lang='lat' dir='ltr'>quisque</span> <span class='ocrx_word' id='word_1_235' title='bbox 862 2318 928 2364; x_wconf 81' lang='lat' dir='ltr'>facile</span> <span class='ocrx_word' id='word_1_236' title='bbox 944 2316 1062 2376; x_wconf 85' lang='lat' dir='ltr'>intelligit,</span> 
     </span>
     <span class='ocr_line' id='line_1_28' title="bbox 123 2382 1061 2445; baseline -0.001 -17"><span class='ocrx_word' id='word_1_237' title='bbox 123 2386 203 2428; x_wconf 87' lang='lat' dir='ltr'>totum</span> <span class='ocrx_word' id='word_1_238' title='bbox 225 2382 282 2428; x_wconf 90' lang='lat' dir='ltr'>illud</span> <span class='ocrx_word' id='word_1_239' title='bbox 304 2383 416 2445; x_wconf 91' lang='lat' dir='ltr'>oppidum</span> <span class='ocrx_word' id='word_1_240' title='bbox 436 2384 590 2443; x_wconf 83' lang='lat' dir='ltr'>voluptarium</span> <span class='ocrx_word' id='word_1_241' title='bbox 608 2384 695 2443; x_wconf 80' lang='lat' dir='ltr'>negligi</span> <span class='ocrx_word' id='word_1_242' title='bbox 715 2398 777 2429; x_wconf 89' lang='lat' dir='ltr'>nuuc</span> <span class='ocrx_word' id='word_1_243' title='bbox 795 2382 900 2443; x_wconf 88' lang='lat' dir='ltr'>queritur</span> <span class='ocrx_word' id='word_1_244' title='bbox 917 2397 989 2442; x_wconf 83' lang='lat' dir='ltr'>aquas</span> <span class='ocrx_word' id='word_1_245' title='bbox 1008 2396 1061 2428; x_wconf 84' lang='lat' dir='ltr'>suas</span> 
     </span>
     <span class='ocr_line' id='line_1_29' title="bbox 123 2446 1062 2507; baseline 0 -14"><span class='ocrx_word' id='word_1_246' title='bbox 123 2446 318 2493; x_wconf 81' lang='lat' dir='ltr'>celebratissimus</span> <span class='ocrx_word' id='word_1_247' title='bbox 329 2456 457 2507; x_wconf 90' lang='lat' dir='ltr'>propterea,</span> <span class='ocrx_word' id='word_1_248' title='bbox 473 2450 535 2506; x_wconf 91' lang='lat' dir='ltr'>quod</span> <span class='ocrx_word' id='word_1_249' title='bbox 546 2449 640 2495; x_wconf 82' lang='lat' dir='ltr'>sulfuris</span> <span class='ocrx_word' id='word_1_250' title='bbox 650 2449 672 2493; x_wconf 84' lang='lat' dir='ltr'>vi</span> <span class='ocrx_word' id='word_1_251' title='bbox 690 2448 793 2494; x_wconf 82' lang='lat' dir='ltr'>beuelicd</span> <span class='ocrx_word' id='word_1_252' title='bbox 810 2448 880 2493; x_wconf 89' lang='lat' dir='ltr'>etiam</span> <span class='ocrx_word' id='word_1_253' title='bbox 896 2449 976 2507; x_wconf 85' lang='lat' dir='ltr'>longos</span> <span class='ocrx_word' id='word_1_254' title='bbox 992 2455 1062 2507; x_wconf 89' lang='lat' dir='ltr'>atque</span> 
     </span>
     <span class='ocr_line' id='line_1_30' title="bbox 124 2509 1063 2573; baseline 0 -16"><span class='ocrx_word' id='word_1_255' title='bbox 124 2512 267 2558; x_wconf 84' lang='lat' dir='ltr'>inveteratos</span> <span class='ocrx_word' id='word_1_256' title='bbox 278 2516 369 2558; x_wconf 85' lang='lat' dir='ltr'>morbos</span> <span class='ocrx_word' id='word_1_257' title='bbox 380 2513 495 2572; x_wconf 85' lang='lat' dir='ltr'>expellere</span> <span class='ocrx_word' id='word_1_258' title='bbox 506 2528 519 2557; x_wconf 95' lang='lat' dir='ltr'>e</span> <span class='ocrx_word' id='word_1_259' title='bbox 530 2528 625 2572; x_wconf 93' lang='lat' dir='ltr'>corpore</span> <span class='ocrx_word' id='word_1_260' title='bbox 636 2514 759 2559; x_wconf 67' lang='lat' dir='ltr'>dicuntur!</span> <span class='ocrx_word' id='word_1_261' title='bbox 766 2537 799 2547; x_wconf 90' lang='lat'>-·</span> <span class='ocrx_word' id='word_1_262' title='bbox 807 2509 929 2573; x_wconf 78' lang='lat' dir='ltr'>[murteta]</span> <span class='ocrx_word' id='word_1_263' title='bbox 948 2513 1028 2558; x_wconf 81' lang='lat' dir='ltr'>Celsus</span> <span class='ocrx_word' id='word_1_264' title='bbox 1039 2512 1063 2568; x_wconf 87' lang='grc'>3,</span> 
     </span>
     <span class='ocr_line' id='line_1_31' title="bbox 125 2576 1065 2639; baseline 0 -16"><span class='ocrx_word' id='word_1_265' title='bbox 125 2576 167 2629; x_wconf 78' lang='grc'>21,</span> <span class='ocrx_word' id='word_1_266' title='bbox 179 2576 218 2631; x_wconf 76' lang='grc'>35,</span> <span class='ocrx_word' id='word_1_267' title='bbox 238 2579 332 2623; x_wconf 80' lang='lat' dir='ltr'>maaime</span> <span class='ocrx_word' id='word_1_268' title='bbox 346 2579 413 2623; x_wconf 82' lang='lat' dir='ltr'>utiles</span> <span class='ocrx_word' id='word_1_269' title='bbox 429 2578 544 2624; x_wconf 85' lang='lat' dir='ltr'>naturales</span> <span class='ocrx_word' id='word_1_270' title='bbox 562 2584 584 2625; x_wconf 84' lang='lat' dir='ltr'>et</span> <span class='ocrx_word' id='word_1_271' title='bbox 600 2580 665 2624; x_wconf 82' lang='lat' dir='ltr'>riccae</span> <span class='ocrx_word' id='word_1_272' title='bbox 680 2580 810 2625; x_wconf 82' lang='lat' dir='ltr'>sudationes</span> <span class='ocrx_word' id='word_1_273' title='bbox 827 2586 887 2632; x_wconf 83' lang='lat' dir='ltr'>suut,</span> <span class='ocrx_word' id='word_1_274' title='bbox 904 2579 981 2639; x_wconf 85' lang='lat' dir='ltr'>quales</span> <span class='ocrx_word' id='word_1_275' title='bbox 998 2592 1065 2637; x_wconf 88' lang='lat' dir='ltr'>super</span> 
     </span>
     <span class='ocr_line' id='line_1_32' title="bbox 125 2639 1065 2702; baseline 0 -14"><span class='ocrx_word' id='word_1_276' title='bbox 125 2642 203 2688; x_wconf 86' lang='lat' dir='ltr'>Baias</span> <span class='ocrx_word' id='word_1_277' title='bbox 214 2643 238 2686; x_wconf 84' lang='lat' dir='ltr'>in</span> <span class='ocrx_word' id='word_1_278' title='bbox 249 2644 352 2702; x_wconf 79' lang='lat' dir='ltr'>myrtetis</span> <span class='ocrx_word' id='word_1_279' title='bbox 367 2644 479 2688; x_wconf 79' lang='lat' dir='ltr'>habemus.</span> <span class='ocrx_word' id='word_1_280' title='bbox 514 2643 557 2687; x_wconf 75' lang='lat' dir='ltr'>Hae</span> <span class='ocrx_word' id='word_1_281' title='bbox 575 2644 708 2688; x_wconf 89' lang='lat' dir='ltr'>sudationes</span> <span class='ocrx_word' id='word_1_282' title='bbox 726 2657 789 2689; x_wconf 88' lang='lat' dir='ltr'>nunc</span> <span class='ocrx_word' id='word_1_283' title='bbox 806 2644 952 2702; x_wconf 88' lang='lat' dir='ltr'>appellantur</span> <span class='ocrx_word' id='word_1_284' title='bbox 969 2644 989 2689; x_wconf 81' lang='lat' dir='ltr'>le</span> <span class='ocrx_word' id='word_1_285' title='bbox 1005 2639 1065 2702; x_wconf 73' lang='lat' dir='ltr'>stass</span> 
     </span>
     <span class='ocr_line' id='line_1_33' title="bbox 125 2700 1065 2769; baseline 0.001 -18"><span class='ocrx_word' id='word_1_286' title='bbox 125 2707 158 2760; x_wconf 66' lang='grc' dir='ltr'>δι’,</span> <span class='ocrx_word' id='word_1_287' title='bbox 174 2700 421 2768; x_wconf 70' lang='lat' dir='ltr'>Primii-[elidere]</span> <span class='ocrx_word' id='word_1_288' title='bbox 446 2706 527 2752; x_wconf 83' lang='lat' dir='ltr'>Celsus</span> <span class='ocrx_word' id='word_1_289' title='bbox 545 2708 568 2765; x_wconf 81' lang='lat'>2,</span> <span class='ocrx_word' id='word_1_290' title='bbox 587 2707 625 2762; x_wconf 83' lang='grc'>15,</span> <span class='ocrx_word' id='word_1_291' title='bbox 648 2708 750 2754; x_wconf 80' lang='lat' dir='ltr'>Gestatio</span> <span class='ocrx_word' id='word_1_292' title='bbox 766 2708 831 2753; x_wconf 79' lang='lat' dir='ltr'>utilis</span> <span class='ocrx_word' id='word_1_293' title='bbox 849 2710 885 2763; x_wconf 80' lang='lat' dir='ltr'>s&#39;is,</span> <span class='ocrx_word' id='word_1_294' title='bbox 903 2710 983 2769; x_wconf 80' lang='lat' dir='ltr'>quibas</span> <span class='ocrx_word' id='word_1_295' title='bbox 999 2709 1065 2753; x_wconf 82' lang='lat' dir='ltr'>lentae</span> 
     </span>
     <span class='ocr_line' id='line_1_34' title="bbox 125 2768 1065 2831; baseline 0 -14"><span class='ocrx_word' id='word_1_296' title='bbox 125 2771 253 2817; x_wconf 82' lang='lat' dir='ltr'>morborum</span> <span class='ocrx_word' id='word_1_297' title='bbox 264 2770 364 2831; x_wconf 81' lang='lat' dir='ltr'>reliq&#39;uiae</span> <span class='ocrx_word' id='word_1_298' title='bbox 375 2777 489 2818; x_wconf 85' lang='lat' dir='ltr'>remanent</span> <span class='ocrx_word' id='word_1_299' title='bbox 499 2787 569 2831; x_wconf 82' lang='lat' dir='ltr'>neque</span> <span class='ocrx_word' id='word_1_300' title='bbox 580 2774 648 2818; x_wconf 86' lang='lat' dir='ltr'>aliter</span> <span class='ocrx_word' id='word_1_301' title='bbox 664 2773 816 2819; x_wconf 82' lang='lat' dir='ltr'>eliduntur.</span> <span class='ocrx_word' id='word_1_302' title='bbox 843 2773 947 2818; x_wconf 86' lang='lat' dir='ltr'>Clusium</span> <span class='ocrx_word' id='word_1_303' title='bbox 962 2768 1065 2830; x_wconf 83' lang='lat' dir='ltr'>(Chiusi)</span> 
     </span>
     <span class='ocr_line' id='line_1_35' title="bbox 127 2834 1065 2897; baseline -0.002 -14"><span class='ocrx_word' id='word_1_304' title='bbox 127 2834 231 2883; x_wconf 78' lang='lat' dir='ltr'>Etruriae</span> <span class='ocrx_word' id='word_1_305' title='bbox 240 2834 359 2895; x_wconf 90' lang='lat' dir='ltr'>oppidum,</span> <span class='ocrx_word' id='word_1_306' title='bbox 372 2845 452 2881; x_wconf 88' lang='lat' dir='ltr'>notum</span> <span class='ocrx_word' id='word_1_307' title='bbox 464 2846 557 2896; x_wconf 86' lang='lat' dir='ltr'>propter</span> <span class='ocrx_word' id='word_1_308' title='bbox 568 2836 708 2882; x_wconf 83' lang='lat' dir='ltr'>Porsennam</span> <span class='ocrx_word' id='word_1_309' title='bbox 719 2851 805 2895; x_wconf 90' lang='lat' dir='ltr'>regem,</span> <span class='ocrx_word' id='word_1_310' title='bbox 819 2837 888 2883; x_wconf 85' lang='lat' dir='ltr'>Gabii</span> <span class='ocrx_word' id='word_1_311' title='bbox 902 2840 962 2897; x_wconf 78' lang='lat' dir='ltr'>lipp.</span> <span class='ocrx_word' id='word_1_312' title='bbox 970 2837 991 2892; x_wconf 92' lang='lat'>1,</span> <span class='ocrx_word' id='word_1_313' title='bbox 1002 2836 1065 2890; x_wconf 86' lang='lat' dir='ltr'>ll,8.</span> 
     </span>
     <span class='ocr_line' id='line_1_36' title="bbox 128 2897 1065 2962; baseline -0.001 -16"><span class='ocrx_word' id='word_1_314' title='bbox 128 2924 131 2933; x_wconf 86' lang='lat'>.</span> <span class='ocrx_word' id='word_1_315' title='bbox 164 2899 265 2946; x_wconf 72' lang='lat' dir='ltr'>itt-ia.</span> <span class='ocrx_word' id='word_1_316' title='bbox 285 2897 434 2962; x_wconf 77' lang='lat' dir='ltr'>[Mutandae]</span> <span class='ocrx_word' id='word_1_317' title='bbox 454 2901 562 2956; x_wconf 86' lang='lat' dir='ltr'>‘Verum,</span> <span class='ocrx_word' id='word_1_318' title='bbox 574 2901 617 2946; x_wconf 88' lang='lat' dir='ltr'>etsi</span> <span class='ocrx_word' id='word_1_319' title='bbox 629 2902 786 2947; x_wconf 89' lang='lat' dir='ltr'>lamentantur</span> <span class='ocrx_word' id='word_1_320' title='bbox 803 2902 892 2956; x_wconf 88' lang='lat' dir='ltr'>Baiani,</span> <span class='ocrx_word' id='word_1_321' title='bbox 903 2902 975 2947; x_wconf 90' lang='lat' dir='ltr'>alium</span> <span class='ocrx_word' id='word_1_322' title='bbox 989 2903 1065 2947; x_wconf 90' lang='lat' dir='ltr'>locum</span> 
     </span>
     <span class='ocr_line' id='line_1_37' title="bbox 127 2965 1067 3027; baseline -0.002 -16"><span class='ocrx_word' id='word_1_323' title='bbox 127 2965 242 3023; x_wconf 86' lang='lat' dir='ltr'>aptiorem</span> <span class='ocrx_word' id='word_1_324' title='bbox 262 2981 364 3025; x_wconf 77' lang='lat' dir='ltr'>quaerere</span> <span class='ocrx_word' id='word_1_325' title='bbox 383 2967 440 3011; x_wconf 91' lang='lat' dir='ltr'>mihi</span> <span class='ocrx_word' id='word_1_326' title='bbox 460 2974 549 3011; x_wconf 89' lang='lat' dir='ltr'>certum</span> <span class='ocrx_word' id='word_1_327' title='bbox 569 2966 775 3021; x_wconf 84' lang='lat' dir='ltr'>est.’-Construe,</span> <span class='ocrx_word' id='word_1_328' title='bbox 791 2982 861 3026; x_wconf 82' lang='lat' dir='ltr'>equus</span> <span class='ocrx_word' id='word_1_329' title='bbox 881 2967 1067 3027; x_wconf 70' lang='lat' dir='ltr'>praeteragendus</span> 
     </span>
     <span class='ocr_line' id='line_1_38' title="bbox 128 3026 1065 3093; baseline -0.001 -18"><span class='ocrx_word' id='word_1_330' title='bbox 128 3031 257 3075; x_wconf 80' lang='lat' dir='ltr'>deuersoria</span> <span class='ocrx_word' id='word_1_331' title='bbox 269 3038 328 3086; x_wconf 87' lang='lat' dir='ltr'>nota,</span> <span class='ocrx_word' id='word_1_332' title='bbox 340 3046 392 3089; x_wconf 78' lang='lat' dir='ltr'>quae</span> <span class='ocrx_word' id='word_1_333' title='bbox 404 3039 457 3076; x_wconf 89' lang='lat' dir='ltr'>sunt</span> <span class='ocrx_word' id='word_1_334' title='bbox 469 3030 493 3075; x_wconf 91' lang='lat' dir='ltr'>in</span> <span class='ocrx_word' id='word_1_335' title='bbox 505 3030 544 3076; x_wconf 78' lang='lat' dir='ltr'>via</span> <span class='ocrx_word' id='word_1_336' title='bbox 556 3031 632 3076; x_wconf 79' lang='lat' dir='ltr'>Roma</span> <span class='ocrx_word' id='word_1_337' title='bbox 645 3031 714 3076; x_wconf 89' lang='lat' dir='ltr'>Baias</span> <span class='ocrx_word' id='word_1_338' title='bbox 724 3032 830 3077; x_wconf 87' lang='lat' dir='ltr'>ducente.</span> <span class='ocrx_word' id='word_1_339' title='bbox 841 3057 874 3066; x_wconf 93' lang='lat'>-</span> <span class='ocrx_word' id='word_1_340' title='bbox 885 3029 954 3093; x_wconf 69' lang='lat' dir='ltr'>[laud</span> <span class='ocrx_word' id='word_1_341' title='bbox 965 3026 1065 3090; x_wconf 79' lang='lat' dir='ltr'>haband]</span> 
     </span>
     <span class='ocr_line' id='line_1_39' title="bbox 129 3094 1067 3157; baseline -0.001 -19"><span class='ocrx_word' id='word_1_342' title='bbox 129 3096 194 3139; x_wconf 83' lang='lat' dir='ltr'>‘non</span> <span class='ocrx_word' id='word_1_343' title='bbox 216 3094 266 3139; x_wconf 87' lang='lat' dir='ltr'>sine</span> <span class='ocrx_word' id='word_1_344' title='bbox 287 3095 412 3148; x_wconf 86' lang='lat' dir='ltr'>stomacho,</span> <span class='ocrx_word' id='word_1_345' title='bbox 435 3096 535 3141; x_wconf 70' lang='lat' dir='ltr'>adductis</span> <span class='ocrx_word' id='word_1_346' title='bbox 555 3096 648 3141; x_wconf 79' lang='lat' dir='ltr'>habenti</span> <span class='ocrx_word' id='word_1_347' title='bbox 669 3096 833 3153; x_wconf 89' lang='lat' dir='ltr'>sinistrorsum,</span> <span class='ocrx_word' id='word_1_348' title='bbox 856 3112 942 3157; x_wconf 90' lang='lat' dir='ltr'>equum</span> <span class='ocrx_word' id='word_1_349' title='bbox 963 3096 1067 3151; x_wconf 89' lang='lat' dir='ltr'>flectens,</span> 
     </span>
     <span class='ocr_line' id='line_1_40' title="bbox 129 3157 1066 3215; baseline -0.002 -12"><span class='ocrx_word' id='word_1_350' title='bbox 129 3158 202 3203; x_wconf 86' lang='lat' dir='ltr'>simul</span> <span class='ocrx_word' id='word_1_351' title='bbox 218 3159 278 3204; x_wconf 85' lang='lat' dir='ltr'>addo</span> <span class='ocrx_word' id='word_1_352' title='bbox 296 3162 365 3205; x_wconf 85' lang='lat' dir='ltr'>rerba</span> <span class='ocrx_word' id='word_1_353' title='bbox 382 3160 556 3212; x_wconf 76' lang='lat' dir='ltr'>Non-Botaas</span> <span class='ocrx_word' id='word_1_354' title='bbox 574 3160 622 3215; x_wconf 89' lang='lat' dir='ltr'>sed,</span> <span class='ocrx_word' id='word_1_355' title='bbox 640 3168 667 3206; x_wconf 90' lang='lat' dir='ltr'>ut</span> <span class='ocrx_word' id='word_1_356' title='bbox 685 3160 737 3214; x_wconf 85' lang='lat' dir='ltr'>scis,</span> <span class='ocrx_word' id='word_1_357' title='bbox 755 3175 807 3206; x_wconf 90' lang='lat' dir='ltr'>cum</span> <span class='ocrx_word' id='word_1_358' title='bbox 827 3164 900 3207; x_wconf 89' lang='lat' dir='ltr'>brutis</span> <span class='ocrx_word' id='word_1_359' title='bbox 919 3163 989 3207; x_wconf 88' lang='lat' dir='ltr'>verba</span> <span class='ocrx_word' id='word_1_360' title='bbox 1007 3157 1066 3203; x_wconf 91' lang='lat' dir='ltr'>nihil</span> 
     </span>
     <span class='ocr_line' id='line_1_41' title="bbox 126 3221 1065 3285; baseline -0.002 -18"><span class='ocrx_word' id='word_1_361' title='bbox 126 3224 226 3283; x_wconf 72' lang='lat' dir='ltr'>juvautr</span> <span class='ocrx_word' id='word_1_362' title='bbox 252 3224 314 3269; x_wconf 85' lang='lat' dir='ltr'>auria</span> <span class='ocrx_word' id='word_1_363' title='bbox 335 3224 388 3283; x_wconf 86' lang='lat' dir='ltr'>equi</span> <span class='ocrx_word' id='word_1_364' title='bbox 405 3232 441 3270; x_wconf 90' lang='lat' dir='ltr'>est</span> <span class='ocrx_word' id='word_1_365' title='bbox 458 3225 482 3270; x_wconf 95' lang='lat' dir='ltr'>iu</span> <span class='ocrx_word' id='word_1_366' title='bbox 501 3239 540 3271; x_wconf 85' lang='lat' dir='ltr'>ore</span> <span class='ocrx_word' id='word_1_367' title='bbox 556 3224 653 3280; x_wconf 79' lang='lat' dir='ltr'>frenato,</span> <span class='ocrx_word' id='word_1_368' title='bbox 673 3225 757 3281; x_wconf 87' lang='lat' dir='ltr'>idest,</span> <span class='ocrx_word' id='word_1_369' title='bbox 777 3239 848 3285; x_wconf 83' lang='lat' dir='ltr'>equus</span> <span class='ocrx_word' id='word_1_370' title='bbox 867 3226 931 3271; x_wconf 88' lang='lat' dir='ltr'>freno</span> <span class='ocrx_word' id='word_1_371' title='bbox 952 3221 1065 3269; x_wconf 89' lang='lat' dir='ltr'>moderari</span> 
     </span>
     <span class='ocr_line' id='line_1_42' title="bbox 130 3288 1009 3351; baseline -0.001 -18"><span class='ocrx_word' id='word_1_372' title='bbox 130 3294 223 3347; x_wconf 87' lang='lat' dir='ltr'>oportet</span> <span class='ocrx_word' id='word_1_373' title='bbox 231 3288 250 3332; x_wconf 87' lang='lat' dir='ltr'>si</span> <span class='ocrx_word' id='word_1_374' title='bbox 259 3289 365 3333; x_wconf 86' lang='lat' dir='ltr'>volumus</span> <span class='ocrx_word' id='word_1_375' title='bbox 376 3302 415 3335; x_wconf 88' lang='lat' dir='ltr'>eos</span> <span class='ocrx_word' id='word_1_376' title='bbox 427 3290 493 3335; x_wconf 86' lang='lat' dir='ltr'>nohis</span> <span class='ocrx_word' id='word_1_377' title='bbox 504 3290 606 3345; x_wconf 88' lang='lat' dir='ltr'>obedire,</span> <span class='ocrx_word' id='word_1_378' title='bbox 618 3290 725 3350; x_wconf 85' lang='lat' dir='ltr'>viamque</span> <span class='ocrx_word' id='word_1_379' title='bbox 736 3290 802 3337; x_wconf 90' lang='lat' dir='ltr'>nobis</span> <span class='ocrx_word' id='word_1_380' title='bbox 817 3291 925 3351; x_wconf 85' lang='lat' dir='ltr'>placitam</span> <span class='ocrx_word' id='word_1_381' title='bbox 936 3288 1009 3333; x_wconf 77' lang='lat' dir='ltr'>inira’</span> 
     </span>
    </p>

    <p class='ocr_par' dir='ltr' id='par_1_8' title="bbox 130 3349 1069 3674">
     <span class='ocr_line' id='line_1_43' title="bbox 166 3349 1066 3416; baseline -0.003 -18"><span class='ocrx_word' id='word_1_382' title='bbox 166 3352 266 3399; x_wconf 72' lang='lat' dir='ltr'>lla-26.</span> <span class='ocrx_word' id='word_1_383' title='bbox 286 3349 532 3416; x_wconf 75' lang='lat' dir='ltr'>[collectos-imbres]</span> <span class='ocrx_word' id='word_1_384' title='bbox 557 3356 631 3401; x_wconf 85' lang='lat' dir='ltr'>‘Volo</span> <span class='ocrx_word' id='word_1_385' title='bbox 650 3370 735 3415; x_wconf 85' lang='lat' dir='ltr'>aquam</span> <span class='ocrx_word' id='word_1_386' title='bbox 752 3355 878 3409; x_wconf 79' lang='lat' dir='ltr'>fontanam,</span> <span class='ocrx_word' id='word_1_387' title='bbox 897 3368 943 3398; x_wconf 92' lang='lat' dir='ltr'>uon</span> <span class='ocrx_word' id='word_1_388' title='bbox 964 3351 1066 3411; x_wconf 85' lang='lat' dir='ltr'>pluviam</span> 
     </span>
     <span class='ocr_line' id='line_1_44' title="bbox 131 3414 1067 3480; baseline -0.002 -17"><span class='ocrx_word' id='word_1_389' title='bbox 131 3414 158 3463; x_wconf 88' lang='lat' dir='ltr'>iu</span> <span class='ocrx_word' id='word_1_390' title='bbox 174 3416 281 3463; x_wconf 87' lang='lat' dir='ltr'>cisternis</span> <span class='ocrx_word' id='word_1_391' title='bbox 297 3419 423 3474; x_wconf 90' lang='lat' dir='ltr'>collectam,</span> <span class='ocrx_word' id='word_1_392' title='bbox 435 3427 459 3464; x_wconf 90' lang='lat' dir='ltr'>et</span> <span class='ocrx_word' id='word_1_393' title='bbox 469 3420 564 3478; x_wconf 86' lang='lat' dir='ltr'>quidem</span> <span class='ocrx_word' id='word_1_394' title='bbox 581 3428 664 3480; x_wconf 92' lang='lat' dir='ltr'>puteos</span> <span class='ocrx_word' id='word_1_395' title='bbox 679 3434 799 3479; x_wconf 88' lang='lat' dir='ltr'>perennes,</span> <span class='ocrx_word' id='word_1_396' title='bbox 817 3419 857 3478; x_wconf 91' lang='lat' dir='ltr'>qui</span> <span class='ocrx_word' id='word_1_397' title='bbox 875 3431 965 3476; x_wconf 84' lang='lat' dir='ltr'>semper</span> <span class='ocrx_word' id='word_1_398' title='bbox 981 3431 1067 3475; x_wconf 88' lang='lat' dir='ltr'>aquam</span> 
     </span>
     <span class='ocr_line' id='line_1_45' title="bbox 130 3480 1068 3545; baseline 0 -18"><span class='ocrx_word' id='word_1_399' title='bbox 130 3483 266 3545; x_wconf 63' lang='lat' dir='ltr'>praebeant!</span> <span class='ocrx_word' id='word_1_400' title='bbox 275 3507 309 3516; x_wconf 92' lang='lat'>—</span> <span class='ocrx_word' id='word_1_401' title='bbox 317 3480 389 3543; x_wconf 83' lang='lat' dir='ltr'>[nihil</span> <span class='ocrx_word' id='word_1_402' title='bbox 398 3481 481 3544; x_wconf 86' lang='lat' dir='ltr'>moror]</span> <span class='ocrx_word' id='word_1_403' title='bbox 500 3485 574 3530; x_wconf 82' lang='lat' dir='ltr'>‘Viuo</span> <span class='ocrx_word' id='word_1_404' title='bbox 584 3485 647 3530; x_wconf 90' lang='lat' dir='ltr'>illius</span> <span class='ocrx_word' id='word_1_405' title='bbox 657 3488 743 3530; x_wconf 87' lang='lat' dir='ltr'>tracttls</span> <span class='ocrx_word' id='word_1_406' title='bbox 756 3499 827 3543; x_wconf 87' lang='lat' dir='ltr'>quum</span> <span class='ocrx_word' id='word_1_407' title='bbox 842 3496 958 3542; x_wconf 85' lang='lat' dir='ltr'>asperner,</span> <span class='ocrx_word' id='word_1_408' title='bbox 969 3482 1029 3527; x_wconf 91' lang='lat' dir='ltr'>nihil</span> <span class='ocrx_word' id='word_1_409' title='bbox 1039 3482 1068 3527; x_wconf 92' lang='lat' dir='ltr'>de</span> 
     </span>
     <span class='ocr_line' id='line_1_46' title="bbox 132 3546 1069 3608; baseline -0.001 -15"><span class='ocrx_word' id='word_1_410' title='bbox 132 3547 162 3593; x_wconf 86' lang='lat' dir='ltr'>iis</span> <span class='ocrx_word' id='word_1_411' title='bbox 178 3554 200 3591; x_wconf 90' lang='lat' dir='ltr'>te</span> <span class='ocrx_word' id='word_1_412' title='bbox 218 3556 352 3605; x_wconf 85' lang='lat' dir='ltr'>percontor;</span> <span class='ocrx_word' id='word_1_413' title='bbox 372 3562 425 3593; x_wconf 84' lang='lat' dir='ltr'>num</span> <span class='ocrx_word' id='word_1_414' title='bbox 443 3549 584 3608; x_wconf 87' lang='lat' dir='ltr'>propositum</span> <span class='ocrx_word' id='word_1_415' title='bbox 600 3550 658 3594; x_wconf 89' lang='lat' dir='ltr'>mihi</span> <span class='ocrx_word' id='word_1_416' title='bbox 671 3559 712 3604; x_wconf 91' lang='lat' dir='ltr'>est,</span> <span class='ocrx_word' id='word_1_417' title='bbox 724 3549 774 3594; x_wconf 88' lang='lat' dir='ltr'>aliis</span> <span class='ocrx_word' id='word_1_418' title='bbox 785 3562 854 3607; x_wconf 89' lang='lat' dir='ltr'>quam</span> <span class='ocrx_word' id='word_1_419' title='bbox 865 3546 953 3606; x_wconf 87' lang='lat' dir='ltr'>asperis</span> <span class='ocrx_word' id='word_1_420' title='bbox 963 3546 1009 3592; x_wconf 91' lang='lat' dir='ltr'>illis</span> <span class='ocrx_word' id='word_1_421' title='bbox 1026 3562 1069 3592; x_wconf 92' lang='lat' dir='ltr'>nec</span> 
     </span>
     <span class='ocr_line' id='line_1_47' title="bbox 131 3611 1069 3674; baseline 0 -17"><span class='ocrx_word' id='word_1_422' title='bbox 131 3612 202 3657; x_wconf 78' lang='lat' dir='ltr'>valde</span> <span class='ocrx_word' id='word_1_423' title='bbox 224 3613 342 3671; x_wconf 79' lang='lat' dir='ltr'>generosis</span> <span class='ocrx_word' id='word_1_424' title='bbox 364 3612 405 3659; x_wconf 87' lang='lat' dir='ltr'>uti.</span> <span class='ocrx_word' id='word_1_425' title='bbox 439 3615 516 3672; x_wconf 78' lang='lat' dir='ltr'>Atque</span> <span class='ocrx_word' id='word_1_426' title='bbox 535 3614 558 3659; x_wconf 90' lang='lat' dir='ltr'>in</span> <span class='ocrx_word' id='word_1_427' title='bbox 579 3614 665 3660; x_wconf 87' lang='lat' dir='ltr'>Sabino</span> <span class='ocrx_word' id='word_1_428' title='bbox 686 3613 783 3674; x_wconf 87' lang='lat' dir='ltr'>quidem</span> <span class='ocrx_word' id='word_1_429' title='bbox 802 3626 856 3658; x_wconf 90' lang='lat' dir='ltr'>meo</span> <span class='ocrx_word' id='word_1_430' title='bbox 875 3612 972 3673; x_wconf 80' lang='lat' dir='ltr'>quiduis,</span> <span class='ocrx_word' id='word_1_431' title='bbox 993 3611 1069 3659; x_wconf 88' lang='lat' dir='ltr'>omnis</span> 
     </span>
    </p>
   </div>
   <div class='ocr_carea' id='block_1_6' title="bbox 487 3679 631 3758">
    <p class='ocr_par' dir='ltr' id='par_1_9' title="bbox 487 3679 631 3758">
     <span class='ocr_line' id='line_1_48' title="bbox 487 3679 631 3758; baseline 0.007 -34"><span class='ocrx_word' id='word_1_432' title='bbox 487 3679 631 3758; x_wconf 25' lang='lat' dir='ltr'>‘ut</span> 
     </span>
    </p>
   </div>
   <div class='ocr_carea' id='block_1_7' title="bbox 0 0 1248 4059">
    <p class='ocr_par' dir='ltr' id='par_1_10' title="bbox 0 0 1248 4059">
     <span class='ocr_line' id='line_1_49' title="bbox 0 0 1248 4059; baseline 0 0"><span class='ocrx_word' id='word_1_433' title='bbox 0 0 1248 4059; x_wconf 95' lang='lat' dir='ltr'> </span> 
     </span>
    </p>
   </div>
  </div>
 </body>
</html>
