2442 4059
165 257 226 323 144
491 261 780 312 inrueraacarro:
1038 263 1107 328 [aaa

161 417 244 463 volunt
253 431 304 463 esse
316 417 350 462 M.
362 411 484 475 Calpurnii
497 414 575 461 Bibuli
586 415 689 461 consulis
699 429 752 461 cum
764 416 856 462 Caesare
869 428 892 462 a.
900 427 952 462 uc.
963 416 1020 472 695,
1032 418 1109 465 lilium

162 483 199 528 vel
217 482 283 528 lilios.
317 481 346 526 Id
362 489 440 526 tamen
456 480 585 526 notandum
602 492 691 526 a.u.c.
708 480 764 536 723,
781 487 827 529 tres
843 489 906 527 certe
922 483 972 541 ejus
989 482 1049 529 lilios
1066 498 1109 529 ex·
1198 522 1203 530 .

162 546 257 592 stinctos
270 545 473 591 fuisse—Servius
489 543 551 590 lilius
567 545 663 591 t‘ortsaae
681 547 730 591 Ser.
751 545 847 606 Sulpicii
865 546 921 592 Ruii
937 546 1110 606 jurisconsulti,

162 611 270 676 tpibunus
282 611 313 670 pl.
327 623 382 656 au
392 621 413 655 c.
430 608 486 665 706,
503 609 544 667 qui
561 609 714 670 philosophiae
730 619 754 656 ct
767 611 855 656 artibus
867 610 1001 658 liberalibus
1011 627 1110 672 operam

163 677 300 722 dabat—G.
309 676 410 721 Furnius
422 676 438 698 ‘⁶
447 674 595 720 historiarum
603 674 650 720 fide
661 683 685 720 et
695 675 811 734 elegantiis
822 675 928 721 claruit.”
946 678 1027 723 Conna.
1037 678 1108 738 drap.

165 741 234 786 Teste
246 741 334 786 Seneca
344 740 372 785 de
384 739 464 784 Benel.
475 739 500 796 2,
512 739 550 795 25,
558 741 624 800 patri
634 742 778 786 Antonianas
785 746 866 800 partae
875 751 951 787 secato
960 741 1024 801 apud
1035 742 1110 788 Octa·

163 805 258 851 vianum
269 807 356 851 ueniam
367 806 504 864 impetravit.

195 870 234 925 88,
250 871 289 917 89.
308 864 437 930 [Prudens]
461 869 588 926 ‘consulta
605 883 654 915 non
671 883 713 929 per
729 868 885 916 oblivionem!
919 869 993 917 Addit
1008 871 1060 928 hoc,
1078 885 1109 918 ne

163 934 251 994 quisse
263 934 405 993 praeteritum
418 943 536 992 queratur.
803 951 805 954 ·

195 999 235 1054 91,
252 1000 291 1047 92.
310 995 505 1059 [Discipalarum]
532 997 665 1044 Ridiculum
681 1013 775 1044 scenam
792 998 871 1044 lectori
888 999 962 1055 offert,
978 1000 1109 1060 pulchelloa

163 1063 215 1109 illos
226 1065 288 1110 vocis
305 1074 329 1110 et
345 1072 426 1110 cantus
443 1063 599 1108 modulatores
616 1063 678 1109 inter
694 1063 785 1123 puellas
801 1064 838 1109 vel
853 1063 966 1122 ingenuas
977 1061 1059 1126 (Aer.)
1071 1067 1109 1112 vel

162 1127 245 1175 mimas
256 1127 350 1189 (Gomm.
361 1125 441 1188 (ἶνας.)
452 1127 580 1173 cantilenas
592 1129 710 1182 docentes,
719 1129 767 1187 qud
777 1127 801 1173 in
812 1128 892 1174 sclrolt
903 1129 1003 1175 invicem
1012 1130 1109 1179 delicias

162 1193 278 1250 faciebant
290 1204 314 1239 et
324 1193 429 1251 magistri
440 1200 463 1237 et
475 1191 602 1252 discipulae.
612 1216 645 1226 -
657 1189 777 1253 [plorare]
791 1194 806 1216 “
813 1192 945 1239 Salaissimri
955 1194 1030 1240 utitur
1040 1191 1109 1240 διλο-

162 1255 219 1320 γίᾳς
236 1266 325 1304 namet
339 1260 438 1318 plorant,
450 1257 490 1315 qui
501 1258 585 1303 docent
599 1258 688 1317 puellas
698 1257 859 1303 cantiunculas
868 1258 991 1304 amatorias
1002 1259 1074 1304 flebili
1085 1268 1110 1306 et

163 1323 228 1368 molli
240 1338 294 1369 voce
304 1325 427 1368 decantare
439 1331 462 1367 et
471 1322 561 1381 plorare
569 1323 654 1382 jubent
663 1323 739 1368 Graeci
749 1322 834 1380 quibus
845 1337 938 1381 gravem
950 1322 1110 1383 imprecantur

162 1388 326 1442 calamitatem,
335 1388 397 1446 quod
407 1383 503 1434 κλαίειν
511 1395 533 1431 et
542 1383 656 1449 οἰμώζειν
664 1387 699 1432 illi
708 1387 813 1433 dicunt.”
825 1387 953 1434 Baeter.—
961 1385 1109 1450 [cathedrae]

162 1452 302 1498 feminarum
315 1452 398 1498 sedilia
407 1451 570 1498 commodiora.
601 1451 683 1498 Molles
694 1459 760 1497 vocat
770 1451 855 1498 iuven.
867 1451 890 1508 6,
901 1451 940 1500 91.
949 1476 981 1486 -
993 1451 1028 1513 [1,
1036 1451 1109 1516 puer]

163 1519 178 1546 ⁸⁶
190 1517 322 1575 Eleganter,
334 1517 400 1576 quasi
418 1517 461 1562 hoc
478 1531 507 1562 ex
523 1523 629 1577 tempore
645 1516 739 1572 dixerit,
749 1515 854 1576 praecipit
870 1531 949 1576 puero,
961 1525 989 1563 ut
1004 1518 1031 1562 in
1047 1517 1110 1564 banc

162 1579 239 1640 ipsam
255 1580 349 1626 satiram
368 1581 426 1626 illud
443 1580 553 1637 conferat,
571 1595 600 1626 ne
617 1591 697 1640 pereat
713 1588 761 1628 tam
777 1589 935 1642 opportunum
947 1590 970 1627 et
981 1582 1066 1628 scitum
1083 1582 1110 1628 in

162 1645 319 1691 modulatores
331 1646 386 1692 istos
398 1646 510 1692 dictum.”
521 1646 634 1707 Porphyr.
643 1670 676 1679 —
685 1643 757 1706 [bac]
768 1646 834 1691 ‘baec
844 1645 896 1706 ipsa
905 1647 983 1702 rerba,
995 1642 1110 1709 οἰμύζειν

163 1723 191 1755 σε
202 1706 301 1768 κελεύω,
312 1709 468 1772 μιαρώτατε)
502 1711 605 1771 Propert.
618 1711 641 1765 3,
654 1711 693 1766 23,
705 1711 744 1763 23,
756 1711 777 1767 Ι,
789 1726 856 1770 puer,
867 1717 891 1757 et
901 1712 961 1757 citae
971 1713 1019 1758 baec
1029 1712 1110 1772 aliqud

160 1788 258 1833 propone
275 1777 384 1822 columna.
395 1800 428 1809 -
441 1772 540 1836 [libello]
559 1784 585 1821 ut
602 1774 666 1822 Pers.
680 1775 702 1831 l,
714 1775 768 1832 120,
778 1776 808 1821 de
819 1777 868 1822 und
884 1775 926 1822 illa
938 1776 1025 1822 satiri:
1046 1777 1110 1835 Vidi,

163 1839 211 1885 vidi
221 1841 275 1900 ipsc,
287 1841 368 1886 libelle.

424 2321 566 2386 LIBER
597 2321 855 2389 SECUNDUS.

560 2537 681 2584 SATIRA
695 2537 716 2586 l.

170 2715 172 2725 ,
198 2674 305 2724 Ancum.
324 2676 440 2722 simulans
451 2691 476 2722 aa
487 2678 514 2724 C.
527 2677 663 2724 Trebatium
676 2679 777 2736 Tectam,
794 2679 911 2739 insignem
923 2678 984 2740 juria
1000 2679 1114 2740 peritum,

165 2745 206 2804 qui
217 2745 241 2789 s'rs
250 2741 307 2803 jare
322 2743 384 2788 cicili
393 2739 509 2802 familiam
521 2745 618 2789 ducebat
630 2741 689 2804 (Cic.
701 2745 732 2790 ad
744 2745 809 2790 Fam.
821 2744 846 2800 7,
857 2743 893 2805 5),
908 2746 1038 2800 consulere,
1054 2747 1114 2805 quid

165 2808 191 2853 in
204 2809 269 2853 tanta
281 2809 460 2853 obtrectatorum
471 2807 496 2852 in
508 2808 674 2867 se-satirasqne
684 2823 738 2854 suaa
749 2809 873 2868 iniquitate
884 2809 960 2867 faciat,
976 2817 1055 2856 tamen
1068 2811 1114 2857 boc

166 2886 252 2932 genere
264 2873 349 2918 omisso
361 2872 460 2918 Caesaris
471 2886 507 2918 rea
517 2880 602 2932 gestas,
608 2873 735 2934 iustitiam,
747 2873 907 2920 fortitudinem
918 2875 1020 2920 carmine
1031 2875 1114 2935 epico-

167 2937 308 2997 panegyrioo
324 2937 451 2996 praedicare
468 2938 574 2983 nondum
589 2952 615 2984 se
631 2939 718 2984 audere
734 2938 875 2984 dexterrime
889 2938 1005 2997 significat
1022 2937 1049 2998 (a
1065 2953 1114 2998 quo

166 3014 252 3062 genere
264 3015 313 3047 suas
324 3001 396 3046 indoli
408 3001 524 3048 contrario
535 3003 632 3048 omnino
646 3000 809 3063 abhorrebat):
827 3010 908 3049 contra
918 3004 942 3048 in
953 3004 1032 3050 satiris
1048 3019 1113 3051 com-

166 3065 289 3127 ponendis,
308 3065 400 3122 Lucilii,
419 3067 513 3126 dequo
532 3067 664 3126 aequissime
677 3067 776 3128 judicat,
797 3068 906 3128 exemplo
922 3069 967 3114 sibi
985 3070 1114 3129 proposito,

167 3131 239 3177 etiam
255 3131 402 3190 postmodum
418 3145 442 3176 se
458 3141 669 3191 perseveraturum,
685 3132 796 3192 quoniam
810 3133 856 3178 boc
870 3147 945 3191 geum
955 3147 1005 3179 auce
1021 3142 1113 3182 naturas

166 3195 269 3242 maxime
280 3193 310 3240 sit
322 3202 511 3242 consentaneum.
547 3196 665 3253 ‘Verum'
676 3197 760 3256 inquit,
771 3199 778 3223 ⁴
790 3197 814 3242 in
825 3208 946 3258 posterum
956 3197 982 3242 in
992 3212 1033 3244 eoa
1043 3199 1115 3244 dum·

167 3269 232 3318 taxat
242 3259 346 3314 invehar,
359 3259 398 3318 qui
411 3274 448 3304 me
460 3260 521 3305 ultro
532 3261 634 3318 aggressi
645 3261 732 3307 fuerint
741 3262 755 3307 ι’
765 3276 865 3321 quorum
876 3263 920 3308 bac
930 3262 982 3321 ipsi
990 3262 1114 3311 occasione

167 3327 245 3371 oblati
268 3323 391 3369 nonnullos
410 3323 494 3369 acriter
514 3325 614 3370 vellicat.
647 3326 730 3372 ‘Tales
751 3335 830 3372 autem
849 3327 992 3383 nebulouea’
1014 3326 1113 3387 (pergit,

167 3390 296 3438 memoratri
308 3387 390 3434 Lucilii
402 3402 455 3433 curn
467 3388 576 3448 Scipione
587 3397 611 3435 et
623 3389 695 3436 Laelio
706 3391 876 3437 neceasitudine
887 3393 924 3438 rel
940 3399 1036 3452 propter
1046 3407 1114 3438 aum·

166 3466 229 3499 mam
238 3454 301 3500 illius
309 3455 440 3499 libertatem
449 3465 568 3512 nunquam
577 3451 678 3513 dissuti)
688 3455 742 3500 ‘ubl
754 3457 918 3515 perstrinxero,
928 3471 1049 3516 nunquam
1057 3471 1113 3517 pro·

166 3515 227 3564 fecto
238 3519 332 3576 timebo,
344 3532 373 3564 ne
384 3525 490 3577 potentes
507 3515 593 3562 amicos
604 3531 667 3563 ame
681 3519 827 3567 abalienam'
860 3521 914 3566 Jam
927 3521 1059 3575 Trebatius,
1071 3521 1114 3582 qui

162 3581 324 3640 jurisconsulti
341 3591 418 3644 partes
434 3594 477 3641 per
493 3581 553 3627 hanc
569 3581 664 3628 satiram
681 3583 833 3631 dramaticam
845 3585 937 3644 egregie
949 3594 1037 3645 tuetur,
1046 3586 1115 3632 iesti-

167 3657 220 3692 sam
232 3648 315 3706 juveni
332 3648 406 3696 amico
420 3645 551 3694 cautionem
562 3646 808 3709 prascriptionemqne
817 3649 924 3710 precipit
935 3647 987 3711 (cfr.
997 3651 1030 3698 ad
1041 3665 1065 3698 r.
1076 3650 1116 3711 b),
