2442 4059
111 275 163 313 tta.
175 275 206 314 11.
217 262 254 329 4.]
443 267 726 316 incantantium.
996 269 1058 334 165

110 415 158 463 eise
170 417 267 472 dictum,
281 432 324 478 pro
338 431 367 464 eo
382 418 444 477 quod
455 425 505 464 est:
524 419 626 465 ‘malum
642 419 701 464 dare
712 419 792 478 palato
809 419 867 465 dure
882 421 1058 480 responsando!

111 482 192 531 Quum
200 490 279 528 tamen
287 484 312 528 in
321 498 342 528 v.
350 498 479 542 responsare
489 481 581 544 (aspere
593 498 621 530 ac
632 483 740 530 ferociter
749 485 899 542 respondere,
910 485 1028 531 adversari
1035 494 1060 532 et

109 544 233 607 reluctari)
244 562 287 607 per
299 562 324 593 sc
335 547 391 592 insit
401 548 469 593 malce
481 549 633 594 contumacia
642 549 715 604 notio,
727 549 807 604 habet,
817 563 864 608 quo
874 563 900 594 sc
910 551 1060 596 commendet

110 611 214 658 Jacobsii
234 610 367 658 distinctio:
393 613 430 659 Ne
447 615 543 672 gallina,
564 615 665 660 molum!
681 629 701 660 r.
719 614 742 659 d.
760 629 791 673 p,
806 623 832 659 ut
848 628 870 659 v.
887 614 927 667 82,
939 616 1057 675 flagitiosa

110 677 209 736 ingeras!
226 676 287 738 lipp.
301 677 323 731 3,
334 677 357 732 0,
369 677 408 732 22,
420 679 538 738 indignam
547 681 598 724 l-
609 675 709 738 [Doctus
720 675 781 739 eris]
791 681 896 733 verbum,
909 693 957 724 non
973 681 1058 739 adjecc

111 741 255 808 ‘Docpbcrn
267 743 362 788 docetor
373 756 386 787 a
396 742 449 787 me.¹
457 765 490 776 -
500 738 596 804 [murto]
607 743 714 788 Mustum
725 743 793 789 dulce
802 746 972 789 conservabant
982 759 1057 803 usque

109 804 248 916 apunup,
265 807 297 852 ita
314 814 340 852 ut
357 807 439 866 quovis
454 821 536 854 mense
553 815 639 867 praesto
655 818 716 854 esset
732 822 814 868 coquo.
832 806 900 864 Cato,
918 809 947 854 ii.
959 809 990 855 R.
1003 810 1056 856 120.

154 885 203 915 um.
232 872 255 924 2,
266 873 304 918 20.

143 935 183 990 20,
195 934 233 980 21.
252 931 427 996 [Protensilua]
441 936 475 981 Ac
491 949 547 982 sune
563 936 692 983 morchella
708 935 791 991 edulia,
806 938 912 996 agaricus
923 936 1055 994 deliciosus,

109 998 254 1058 lycoperdon
266 1002 335 1046 tuber
346 999 370 1045 in
382 1000 462 1059 pratis,
475 1007 557 1046 contra
567 1002 747 1047 nocentissimus
758 1000 798 1046 ilie
808 1002 915 1060 agaricus
926 1003 1057 1049 muscarius

108 1063 134 1108 in
152 1063 217 1109 silvis
232 1065 331 1124 aliisque
346 1065 402 1111 locis
417 1065 495 1125 opacis
510 1066 634 1125 reperitur.
645 1091 679 1100 -
691 1062 771 1128 [aliis]
783 1066 807 1111 in
820 1066 884 1112 silvis
895 1068 1056 1126 acpaludibus

109 1128 179 1174 natis.
212 1129 311 1176 Inutiles
321 1137 387 1175 vocat
398 1129 480 1176 Celsus
491 1131 515 1186 b,
527 1129 565 1185 27,
577 1130 614 1177 12.

143 1193 183 1246 22,
199 1193 238 1240 23.
257 1191 383 1255 [prandia]
403 1195 499 1254 Proprie
517 1196 604 1255 accipe,
623 1210 671 1242 non
689 1195 869 1254 degustatione
888 1194 957 1241 initio
975 1210 1055 1243 coenae.

108 1281 143 1292 -
152 1255 220 1319 [ante
234 1255 339 1320 paoem]
352 1262 435 1305 ‘mane
451 1259 532 1319 igitur.
547 1274 577 1318 ne
595 1260 665 1306 nimis
680 1275 694 1306 a
708 1261 757 1306 sole
767 1268 833 1306 cocta
843 1265 927 1304 aestum
938 1270 1056 1318 moveant,

108 1322 151 1369 aed
162 1323 241 1383 potius
252 1323 399 1370 stomachum
410 1324 534 1370 salubriter
545 1323 700 1383 refrigerenc'
782 1347 784 1351 ·

141 1387 246 1443 24-27,
260 1385 389 1450 [Aufidiae]
403 1389 488 1434 Utrum
500 1388 530 1434 sit
541 1389 575 1435 M.
588 1388 698 1434 Aufidius
710 1388 793 1443 Lurco,
801 1388 842 1448 qui
852 1387 943 1447 primus
953 1402 1055 1447 pavones

108 1454 217 1512 saginare
236 1454 340 1500 instituit
351 1451 422 1512 (Plin.
438 1453 468 1499 ii.
485 1453 515 1498 N.
534 1453 571 1508 10,
588 1454 628 1507 20,
644 1451 688 1514 23)
705 1467 787 1507 necne,
804 1454 871 1498 nobis
889 1467 972 1513 pamm
991 1467 1055 1499 corn-

108 1526 203 1578 pertum
215 1527 258 1565 est.
266 1543 300 1552 —
309 1516 388 1580 [mello
396 1514 506 1578 Falerno]
519 1518 635 1577 Loquitur
642 1519 672 1564 de
681 1517 830 1578 promulside.
865 1517 953 1563 Plinius
965 1518 1004 1573 22,
1015 1519 1055 1575 53,

109 1584 202 1644 Seraper
213 1585 308 1630 malrum
318 1599 346 1629 ec
356 1590 430 1630 uetere
441 1585 492 1630 uino
503 1584 649 1629 utilissimam
658 1580 815 1644 facillimeque
825 1598 874 1628 curn
884 1584 949 1629 aselle
964 1598 1056 1630 concor·

105 1655 212 1708 paratur,
224 1650 284 1709 quad
299 1651 323 1694 ia
339 1649 401 1694 dulci
417 1663 530 1708 nunquam
541 1650 623 1695 euenit.
633 1671 667 1681 -
678 1644 872 1709 [mouit-renis]
891 1661 963 1693 coenae
979 1647 1056 1695 initio.

108 1709 442 1837 ierfficmdliabinliimmmi
450 1713 483 1823 ain
501 1712 583 1823 plrimis
594 1712 759 1759 ventriculum,
789 1713 863 1772 lipod.
875 1712 898 1768 3,
909 1713 933 1758 b.
944 1737 978 1745 -
989 1711 1055 1774 [pro-

222 1787 253 1824 ut.
282 1811 324 1832 „
415 1785 449 1823 ut
503 1785 616 1824 outuroa
664 1810 670 1824 .

142 1842 245 1889 20-30.
266 1811 389 1903 [Mitului]
403 1793 503 1889 itherii?
507 1843 531 1898 3,
542 1857 565 1902 p.
577 1780 665 1899 33,Ἕῖ
677 1839 728 1899 τήν
738 1838 927 1898 τελλίναν-ἣν
937 1836 1056 1904 Ῥωμαῖοι

107 1905 223 1968 μίτλον
240 1905 399 1969 ὀνομάζουσι,
410 1907 525 1954 conchula
535 1909 663 1954 esculenta.
695 1908 778 1954 celsus
789 1908 811 1959 2.
823 1909 863 1959 20,
876 1909 959 1954 Aleuas
969 1914 1056 1955 rnorem

107 1973 350 2028 -cocblea-ostrea,
360 1973 478 2032 pelorides,
491 1974 572 2028 echini,
582 1974 677 2020 musculi
686 1979 710 2019 el
717 1969 848 2030 omnersere
859 1973 972 2019 conchula
981 1975 1055 2019 maai-

209 2035 215 2046 .
354 2061 388 2070 -
495 2040 501 2050 ,
586 2038 614 2050 ..
741 2061 773 2070 -
852 2040 858 2050 .
992 2039 999 2063 ⁴
1042 2062 1054 2074 ι

107 2051 187 2147 titt
197 2053 242 2135 33⁸
244 2034 512 2162 [323311ωὲ2ἷῖἆὲ
529 2050 635 2149 titi
643 2039 731 2148 ,itt
743 2034 1056 2148 nitittlti‘inii

107 2167 184 2212 airum
203 2167 268 2212 dulce
285 2166 321 2213 uel
338 2167 429 2212 rabum.
456 2165 517 2212 Plin.
537 2167 573 2220 14,
592 2165 630 2222 10,
648 2168 688 2214 Coi
704 2169 815 2212 marinoni
834 2181 916 2226 aquom
934 2165 1055 2225 largiorem

107 2233 202 2276 aiacem
215 2228 292 2291 (vino)
300 2233 407 2292 :-idque
419 2233 553 2278 translatum
562 2234 586 2277 irs
593 2233 670 2278 olium
677 2237 774 2277 martura
785 2231 908 2276 leucocoum
916 2231 1053 2288 appellatur.

107 2318 141 2328 —
149 2292 278 2356 [Lubrica]
293 2296 401 2354 Intelligs
412 2296 442 2341 de
450 2304 548 2342 sucooet
556 2297 675 2356 pulpa—
684 2291 825 2357 [amentes]
837 2295 921 2339 ‘Luna
932 2297 1053 2341 crescens!

109 2359 169 2406 Plin.
187 2362 211 2416 2,
227 2361 266 2415 41,
284 2361 374 2408 Lunori
387 2367 501 2420 potestate
518 2367 640 2407 ostreorum
657 2359 864 2419 conchyliorumque
880 2364 903 2404 et
921 2361 1054 2406 concharum

107 2424 982 2551 ttttaittttttt‘tttttt'ttttntttmttttlttt'tt‘n
1001 2489 1054 2536 ca.

107 2557 233 2602 amanam
244 2558 324 2601 ostreis
335 2571 405 2616 neque
416 2556 520 2601 dulciora
531 2569 601 2614 nequo
613 2556 727 2601 teneriora
744 2568 792 2600 esee
805 2553 854 2599 ulla
867 2560 1002 2612 compertum
1012 2561 1055 2603 est.

107 2617 265 2680 —[Misena]
286 2620 371 2678 oppido
389 2627 413 2665 et
428 2620 587 2679 promontorio
604 2618 749 2678 Campania.
761 2614 917 2679 —[potulir]
937 2614 1055 2667 dourri-

106 2699 172 2744 χοις,
192 2685 260 2743 ‘quae
277 2683 344 2730 facile
361 2683 460 2730 conchas
476 2685 585 2743 aperiunt
602 2691 628 2730 et
643 2682 770 2730 claudunt!
781 2706 814 2716 -
824 2682 902 2740 [molle
917 2683 1053 2744 Paestum]

107 2749 158 2795 Cir.
171 2749 231 2808 Epp.
245 2748 266 2804 l,
277 2747 301 2805 7,
313 2749 351 2804 45,
363 2750 451 2797 imbelle
464 2749 592 2796 Tarentum.

139 2813 244 2862 lib-39.
258 2811 333 2875 [Nec]
346 2823 373 2858 ut
381 2813 500 2859 interdum
509 2814 580 2858 etiam
590 2814 616 2858 in
624 2813 695 2872 prosi
704 2826 738 2858 or.
750 2826 793 2872 pro
802 2827 844 2858 nec
851 2827 909 2868 cero,
920 2827 961 2860 aec
971 2819 1054 2860 taurea.

104 2901 140 2913 -
152 2875 259 2939 [eraotd]
272 2877 423 2937 ‘explorati'
449 2877 512 2936 Virg.
526 2877 580 2922 AEu.
595 2876 617 2929 l,
627 2877 683 2933 300,
698 2879 807 2938 sociisque
823 2883 904 2923 eructo
919 2874 1012 2938 referre.
1021 2902 1055 2912 —

107 2939 198 3004 [tenui]
220 2944 282 2989 Pers.
301 2943 325 2996 6,
345 2943 385 2998 24,
401 2949 488 2989 tenuem
506 2942 626 2988 turdorum
642 2954 706 2987 notre
722 2944 823 2988 roboam
834 2965 867 2975 -
880 2938 1006 3002 [mutere]
1025 2944 1055 2989 ‘a

105 3009 191 3054 mensi
212 3008 337 3068 piscatorii
354 3007 489 3053 mrissimos
508 3019 614 3065 quosque
634 3004 710 3064 pisces
729 3006 813 3066 capide
834 3013 858 3052 et
877 3007 960 3066 quovis
978 3007 1054 3067 pretio

105 3073 201 3118 auferre
212 3081 283 3132 atque
294 3072 401 3118 celeriter
417 3072 469 3117 aliis
485 3070 611 3130 praeripere
622 3069 781 3130 emptoribus!
793 3094 826 3104 -
840 3069 962 3132 [ignaram
973 3070 1055 3132 quibus

105 3135 154 3200 art]
167 3141 275 3197 ‘semper
290 3137 315 3183 in
332 3137 440 3182 omnibus
460 3135 572 3182 conviviis
581 3134 596 3188 ς’
613 3135 669 3181 hinc
687 3134 835 3181 indicativus.
846 3159 879 3170 -
891 3133 949 3197 [jur
963 3132 1053 3196 aptius]

106 3203 161 3261 ‘qui
179 3202 236 3260 elini
253 3202 387 3262 apponendi
401 3202 472 3258 sunt,'
485 3215 543 3261 quos
557 3201 684 3261 patinarias
694 3209 761 3247 vocat
777 3200 853 3247 Plaut.
865 3201 931 3246 Asin.
945 3199 967 3256 1,
978 3200 1002 3255 3,
1013 3200 1053 3246 23.

104 3264 244 3329 -[quiius
267 3264 337 3327 arna]
361 3267 440 3327 datin,
459 3281 506 3312 non
528 3260 936 3326 ablat—[longuidus-reponet]
962 3266 1054 3323 ‘prope
1074 3304 1076 3308 .

105 3337 172 3378 satur
188 3332 304 3378 suavitate
321 3331 464 3377 condimenti
480 3331 514 3396 ad
525 3331 644 3376 edendum
655 3330 817 3376 revocabitur)
836 3329 970 3376 Coeranon
1003 3328 1053 3374 Cu·

104 3397 155 3443 bito
164 3397 260 3443 sinistro
270 3395 347 3443 innixi
359 3405 382 3442 et
393 3396 499 3456 paullum
514 3409 539 3442 se
549 3395 692 3447 attollentes,
704 3411 777 3455 quum
788 3395 949 3450 comedebant,
964 3393 990 3439 in
1001 3400 1053 3440 toro

104 3475 130 3508 se
141 3461 286 3515 fulciebant3
303 3461 375 3508 saturi
387 3461 412 3506 in
424 3461 521 3507 cervical
533 3474 558 3506 se
568 3460 721 3507 reclinabanu

137 3527 178 3584 41,
191 3526 230 3574 42.
250 3524 361 3588 [Currat]
379 3526 440 3571 Catii
457 3525 530 3584 igitur
546 3525 657 3585 magister
670 3524 808 3584 praelerebat
823 3536 892 3582 apros
908 3521 933 3567 in
944 3519 1052 3582 Umbrii,

103 3593 210 3640 maxime
222 3591 248 3638 in
260 3590 397 3652 Appennini
414 3590 510 3637 salubus
526 3589 585 3638 ilicis
601 3588 727 3650 glandibus
738 3595 816 3650 pastos
829 3587 884 3642 illis,
896 3586 972 3646 quiin
984 3589 1052 3648 palu·

1216 3166 1218 3296 l
