2442 4059
181 288 246 356 230
510 290 792 341 muraenarum.
1030 288 1122 355 [crin.
1194 319 1195 400 p

108 440 110 452 '
181 449 267 553 puceu·
307 438 336 488 El
355 440 434 489 ταῦτα
452 438 541 505 ἔμαθες
563 438 752 505 προσφέρεσθαι,
768 439 812 489 orie
826 440 861 489 ἀν
884 438 1021 506 τυράννων
1044 440 1124 498 αύλδς

193 502 333 569 θεράπευες.
351 503 394 553 ’Ὀ
415 502 448 564 δὲ,
464 505 504 552 καί
524 504 562 563 σύ,
583 506 662 567 εἶπεν,
683 505 751 569 είπερ
770 502 837 571 ᾔδεις
854 504 999 569 ἀνθρώποις
1018 504 1123 569 ὁμιλεῖν,
1194 501 1195 512 ’

180 570 225 619 circ
236 569 270 618 ἂν
281 569 386 635 λάχανα
397 568 671 633 iulum—[regibus]
689 572 805 631 Diogenes
816 570 961 631 intelligebat
973 573 1123 631 Dionysium,

181 639 379 697 Syracusanorum
404 644 538 693 tyrannum,
565 652 664 696 quocum
691 637 778 683 diutius
799 645 902 683 versatus
924 645 960 682 est
977 637 1122 698 Aristippus.

182 701 299 747 Lucienus
310 701 339 745 de
352 701 429 747 Parus.
438 700 483 749 33:
502 696 670 764 Ἀρίστιππος
681 698 694 747 ὁ
708 702 852 763 Κυρηναῖος
863 696 985 762 διέτριβεν
1002 700 1030 748 ἐν
1044 704 1122 764 Συρα-

181 762 284 821 κούσαις
298 766 446 827 παρασιτῶν
463 764 593 827 Διονυσίῳ·
610 763 717 813 πόντων
733 766 797 828 γοῦν
809 762 892 828 ἀμέλει
906 768 958 812 τῶν
974 766 1123 828 παρασίτιον

181 829 258 885 αύτδς
269 825 387 892 εὐδοκίμει
399 825 458 892 παρ’
471 828 584 892 αὑτηὶ-
594 828 683 891 [notat]
701 831 880 891 'reprebendit,'
892 847 926 891 pr.
939 832 968 877 de
980 832 1122 890 censoribus.

216 894 255 954 18,
266 894 302 942 19.
322 891 452 955 [eludebat]
470 910 504 955 pr.
516 898 545 941 de
563 896 737 954 gladiatoribus,
754 896 793 955 qui
806 897 865 942 ictus
876 897 1064 942 adversariorum
1075 912 1123 943 cor·

181 960 244 1021 poris
258 958 408 1007 inclinatione
425 959 543 1007 vitant.—
553 955 675 1021 [Scurror]
693 961 773 1007 ‘Fieri
786 961 876 1020 potest‚'
893 961 971 1020 inquit
988 961 1122 1022 Aristippus

182 1021 235 1071 κατ’
247 1020 384 1085 εἰρωνείαν,
402 1025 409 1051 ‘
422 1032 455 1080 ut,
471 1026 666 1084 quemadmodum
679 1035 705 1071 tu
716 1040 753 1071 me
765 1040 839 1079 rocas,
856 1040 934 1071 scurra
951 1026 997 1071 sim
1015 1041 1040 1072 re
1053 1029 1121 1080 veni3

182 1089 224 1135 sed
239 1103 283 1147 ego
293 1092 355 1145 milti,
370 1103 445 1136 meam
457 1090 481 1135 in
493 1104 550 1147 rem,
568 1104 675 1144 scurrorr
692 1099 717 1136 tu
729 1090 881 1145 multitudini,
899 1092 965 1150 cujus
983 1091 1122 1150 applausum

181 1163 207 1200 et
217 1153 272 1199 vilia
286 1153 347 1201 dona
357 1164 435 1213 captas
447 1156 529 1209 abottt,
543 1155 589 1214 quat
600 1155 697 1201 indutus
708 1169 740 1210 es,
756 1156 826 1211 dolio,
843 1156 868 1201 in
880 1170 926 1214 quo
938 1156 1038 1210 habitas,
1056 1156 1122 1202 dictis

182 1219 335 1275 mordacibus,
354 1218 418 1264 miris
429 1220 530 1278 corporis
541 1219 753 1273 exercitationibus,
768 1227 794 1265 ut
809 1235 882 1279 quum
897 1228 976 1265 aestate
991 1220 1016 1265 in
1032 1219 1122 1266 fervidi

183 1284 255 1330 arant
266 1292 288 1329 te
300 1285 396 1338 volutas,
415 1284 490 1329 bieme
501 1292 588 1329 statuas
600 1285 654 1330 nive
665 1292 781 1330 contectas
794 1285 941 1345 amplexaris.
975 1284 1060 1343 ltaque
1076 1287 1121 1340 lanc,

182 1349 246 1408 quod
257 1363 301 1407 ego
311 1348 378 1403 latio,
390 1348 464 1394 multo
476 1356 499 1393 et
509 1349 594 1393 rectius
606 1357 630 1394 et
640 1349 726 1394 lautius
738 1357 780 1404 est,
796 1364 865 1408 quarn
877 1358 917 1394 tna
928 1349 1076 1395 scurrilitas!

215 1414 317 1461 uit-22
344 1409 447 1474 [Equus]
474 1413 624 1459 Proverbium
641 1414 758 1459 Graecum.
786 1414 923 1471 Diogenian.
938 1416 961 1467 5,
975 1414 1015 1468 31,
1032 1429 1057 1474 p.
1068 1414 1121 1469 196,
1195 1417 1196 1436 ¹

184 1476 272 1523 Galat:
283 1474 381 1532 Ἵππος
396 1492 426 1537 με
445 1473 517 1555 piper,
534 1473 657 1537 βασιλεύς
672 1493 702 1539 με
721 1474 808 1541 τρίψει·
829 1474 957 1542 Κοῤῥαῖόν
973 1485 1054 1540 φασιν
1072 1477 1121 1525 ύπδ

182 1540 313 1589 Φιλίππου
333 1556 531 1603 στρατευομενον
548 1538 636 1597 ἱππέα,
656 1543 703 1599 τῆς
741 1556 770 1601 ητ
787 1542 814 1602 ὸς
835 1538 952 1605 δεομένης
970 1540 1123 1600 αίτίςσαοθιιι

182 1604 273 1669 riperta»
283 1607 331 1663 τῆς
342 1608 482 1668 στρατείας,
492 1603 572 1654 είπιίν
582 1607 665 1654 τοῦτο.
673 1632 706 1641 -
715 1558 786 1669 (Aeci)
800 1609 838 1654 Sic
849 1609 924 1654 Graeci
936 1607 984 1655 τδν
995 1604 1122 1666 δεσπότην

183 1680 305 1731 ορροιιιιιιι
326 1671 363 1733 τῷ
381 1670 519 1733 παρασίτῳ.
528 1670 684 1733 -[Officr'nm
694 1669 771 1733 focio]
791 1673 924 1719 ‘Amicitiae
938 1674 1016 1718 officio
1030 1674 1121 1733 fungor,

183 1736 246 1781 omni
264 1736 410 1782 observantia
426 1738 503 1782 colens
521 1752 599 1797 regem
614 1752 701 1791 meum,
718 1737 790 1783 animi
807 1745 884 1783 tamen
905 1739 1012 1783 libertate
1030 1752 1123 1784 conser-

184 1800 253 1847 vati!
288 1800 340 1846 Non
358 1810 393 1846 est
411 1799 440 1846 τδ
452 1798 564 1858 καθῆκον
580 1802 695 1855 universe,
713 1802 754 1847 sed
770 1817 914 1862 quecunque
929 1803 954 1847 in
970 1803 1032 1862 regis
1049 1804 1122 1848 bono-

184 1879 234 1910 rem
252 1874 321 1923 atque
339 1866 369 1910 ad
388 1866 437 1924 ejus
455 1867 566 1925 placitum
583 1866 655 1922 fiunt;
666 1864 747 1927 facere
765 1876 843 1913 autem
863 1869 956 1926 οβίοἰαυι
975 1867 1123 1926 provulgari

184 1929 192 1953 ‘
204 1929 298 1988 exsequi
310 1929 427 1984 officium:
445 1938 452 1957 ⁸
463 1931 594 1977 satisfacere
606 1932 709 1986 officic3'
726 1932 795 1992 simul
806 1932 843 1978 his
855 1947 891 1977 ιν.
902 1932 997 1991 corrigit
1007 1932 1123 1979 ironicum

184 1992 243 2039 illud
260 1994 371 2040 Scurror:
389 1994 459 2039 ‘Non
477 2009 527 2040 sum
545 1996 640 2050 scurra‚’
657 1996 742 2056 inquit,
758 1999 857 2042 ‘verum
871 1996 941 2042 homo
952 1997 1123 2044 officiosus!-

186 2055 285 2120 [porcs's]
312 2059 380 2117 Diog.
397 2058 423 2104 L.
442 2058 465 2115 6,
481 2059 522 2105 462
549 2057 686 2123 χρημάτων
706 2056 822 2123 δεόμενος
839 2059 958 2108 ἀπαιτεῖν
974 2058 1046 2123 ἔλεγε
1066 2059 1124 2116 τούς

183 2123 279 2185 φίλους,
301 2120 346 2169 olus
362 2119 449 2169 αἰτεῖν.
460 2119 569 2184 -[νι’ίι“ο
587 2123 675 2185 rernm]
698 2132 725 2171 ut
744 2128 792 2172 Sat.
809 2128 833 2183 2,
854 2127 878 2182 2,
900 2127 946 2172 25:
963 2142 1024 2173 οοιιο
1041 2142 1122 2173 reru.

186 2188 216 2237 A.
238 2189 262 2236 Ρ.
283 2188 330 2237 49:
354 2190 434 2235 abdita
454 2204 537 2235 rerum.
570 2188 678 2248 Intellige
698 2198 776 2236 antem
795 2205 873 2250 poma,
892 2191 985 2246 canses,
1005 2192 1123 2252 saperdas,

185 2267 270 2314 panem
287 2253 458 2309 secundarium,
480 2262 615 2300 centonem:
641 2257 708 2313 ‘quse
727 2270 824 2315 poscens
843 2255 936 2316 tuipse
956 2254 1085 2311 confiteris,
1101 2266 1124 2301 te

184 2318 255 2364 etiam
275 2318 344 2377 vulgo
363 2322 476 2373 minorem,
494 2319 518 2364 id
536 2327 578 2373 est,
595 2319 728 2365 inferiorem
747 2320 813 2365 esse!
847 2321 899 2380 lpse
917 2321 1036 2379 Diogenes
1053 2321 1083 2366 de
1099 2334 1124 2365 se

184 2385 248 2443 apud
271 2383 338 2442 Diog.
359 2384 384 2428 L.
398 2384 420 2438 li,
437 2384 482 2430 60:
509 2380 585 2430 Κύων
602 2381 725 2445 καλοῦμαι
741 2383 799 2440 τούς
820 2383 868 2446 μὲν
883 2380 1001 2440 διδόντας
1020 2385 1125 2442 σαίνειν,

185 2446 245 2504 τούς
256 2441 281 2494 δὲ
295 2448 331 2511 μή
348 2442 464 2503 διδόντας
475 2445 600 2507 ὑλακτῶν,
611 2445 670 2505 τούς
680 2445 705 2495 δὲ
717 2447 846 2510 πονηρούς
856 2445 962 2496 δάκνων.
971 2474 1005 2483 -
1014 2446 1123 2511 [unuh]
1196 2497 1197 2504 ,

186 2512 282 2572 Propter
298 2512 466 2573 oppositionem
483 2515 551 2560 dante
562 2516 634 2559 minor
648 2514 732 2559 melius
743 2515 842 2570 videtur,
860 2524 886 2559 ut
900 2516 944 2560 boc
959 2529 978 2560 r.
995 2514 1125 2560 babeamus
1196 2533 1197 2546 ι

184 2591 227 2637 pro
241 2590 327 2634 genere
344 2578 471 2623 masculino
484 2592 554 2637 quam
573 2592 615 2637 pro
633 2586 724 2624 neutro.
744 2578 813 2638 Diog.
832 2580 860 2625 L.
871 2578 894 2631 tt,
912 2581 958 2627 bd:
977 2578 1050 2639 Πρδς
1066 2577 1126 2634 τούς
1196 2605 1197 2608 =

185 2636 406 2703 συμβουλεύοντας
417 2641 463 2689 τὸν
479 2639 629 2702 ἀποδράντα
644 2641 722 2690 αύποῦ
734 2639 825 2689 δούλου
836 2642 928 2703 ζητεῖν,
944 2643 1058 2703 Γελοῖον,
1072 2641 1125 2706 ἔφη,

184 2702 213 2817 pi,
225 2704 317 2761 Μάνης
335 2704 381 2767 μὲν
403 2705 480 2770 χωρίς
495 2702 630 2768 Διογένους
649 2704 689 2771 ζῇ,
709 2706 830 2771 Διογένης
847 2705 872 2755 tt
891 2708 968 2771 χειρίς
984 2705 1080 2756 Μάνου
1095 2706 1126 2754 ού

200 2784 300 2817 υναται.

217 2834 319 2881 23-25.
339 2832 507 2897 [Aristippum]
531 2832 647 2883 Plutarch.
666 2838 696 2883 de
716 2837 802 2896 Tranq.
820 2835 867 2883 An.
879 2837 908 2884 u:
926 2835 940 2883 ό
957 2832 1125 2897 Ἀρίστιππος

186 2894 290 2957 όαθὸς,
318 2896 401 2962 ὥσπερ
428 2898 469 2947 ἐπί
491 2899 568 2963 ζυγοῦ
594 2898 658 2964 πρδς
679 2899 712 2947 τὰ
735 2898 854 2961 βελτίονα
879 2903 933 2948 τῶν
953 2898 1126 2964 ὑποκειμένων

185 2915 344 3026 ἑζαναφίρειν
358 2964 398 3012 καί
411 2962 586 3029 ἀνακουφίζειν
598 2964 726 3014 αύτόν.-
734 2963 819 3028 [color]
838 2967 1018 3013 ‘ertemarius
1035 2966 1125 3028 species

186 3036 256 3088 etque
267 3029 434 3075 'conditioss-
450 3028 548 3092 [status]
567 3032 687 3079 ‘rationes
706 3046 759 3078 curn
776 3031 827 3077 aliis
846 3040 869 3077 et
887 3031 1125 3077 necessitudines?-

187 3090 249 3156 [res]
268 3095 323 3139 ‘res
337 3092 464 3150 familiaris,
482 3097 650 3155 qualiscunque
664 3096 760 3144 diversis
775 3096 918 3156 temporibus
932 3092 1123 3158 σοι’-[ίαν]

185 3174 213 3205 σοι
224 3162 261 3206 tlte
272 3158 349 3205 ιολοίι.
358 3155 472 3219 -[ηαενι
483 3157 580 3222 duplici]
600 3162 736 3218 Diogenem,
755 3161 795 3219 qut
813 3168 840 3206 ut
854 3160 996 3206 satisfaceret
1014 3161 1125 3207 doctrinar

186 3238 242 3279 susa,
261 3224 327 3282 quus
342 3224 441 3283 primum
461 3233 530 3285 caput
546 3233 596 3271 erat
610 3229 724 3287 patientta
742 3223 875 3288 (καρτερία,
887 3222 1049 3289 τλημοσύνῃ)
1067 3227 1124 3271 tole·

185 3288 262 3334 tantia
273 3286 365 3345 laboris,
381 3288 473 3348 inopiae,
484 3290 589 3335 dolorum
599 3307 604 3335 :
623 3304 665 3349 pro
675 3290 746 3351 pallio
756 3300 780 3336 et
790 3291 869 3336 tunica
881 3300 1003 3336 contentus
1013 3300 1067 3336 eret
1077 3290 1124 3336 ιιιιΐι

185 3354 262 3399 about
273 3368 302 3399 ex
315 3350 379 3414 (uili)
391 3368 468 3412 panno
479 3354 590 3409 conlecti,
603 3355 650 3413 qud
661 3356 784 3415 dupliciter
794 3356 952 3402 amiciebatur.
981 3355 1123 3418 Cynicorum

186 3417 248 3463 bunc
260 3418 366 3465 habitum
379 3419 431 3465 ideo
442 3421 555 3465 vocabant
567 3413 691 3466 διπλοΐδα.

219 3480 256 3535 27.
276 3482 355 3544 [Alter
372 3479 522 3544 purpureum]
548 3482 615 3543 Diog.
639 3485 665 3531 1..
679 3486 702 3539 2,
713 3482 760 3529 66:
779 3482 822 3531 Διό
833 3498 894 3531 ποτε
906 3480 1055 3547 Στράτωνα,
1065 3479 1087 3530 ol
1096 3476 1122 3527 tt

187 3541 324 3604 Πλάτωνα,
341 3548 405 3611 πρὸς
419 3545 498 3594 αύτδν
509 3543 597 3607 εἰπεῖν,
616 3546 659 3594 Σοί
669 3547 739 3609 μόνιρ
751 3544 847 3596 δίδοται
857 3548 899 3596 καί
910 3544 1031 3611 χλαμύδα
1041 3547 1123 3612 φορεῖν

186 3605 229 3655 καί
239 3604 324 3671 ῥύπος.
346 3616 352 3639 ⁸
364 3614 498 3674 Aristippus
506 3621 593 3669 contra,
604 3622 632 3659 ut
642 3614 666 3659 in
677 3614 797 3675 publicum
805 3614 909 3674 prodeat,
918 3630 963 3661 nou
972 3612 1123 3675 exspectabit,
