2442 4059
355 235 595 281 sarsronanuu
615 237 681 280 ms.
699 236 722 279 1.
740 220 789 279 16.
1001 221 1043 282 73

106 388 159 453 Ad
174 410 257 452 mare
273 409 368 473 quum
384 388 464 465 veni,
480 410 665 475 generosum
679 401 712 453 et
726 388 797 452 lene
811 386 944 473 requiro,

107 474 201 550 Quod
217 496 303 538 curas
317 472 431 559 abigat,
448 473 530 560 quod
545 496 615 538 cum
630 496 685 559 spe
700 473 795 539 divite
810 485 915 538 manet

107 561 146 625 In
182 582 276 625 venas
311 559 509 645 animumque
547 583 661 637 meum,
699 560 781 646 quod
817 560 911 624 verba
951 560 1042 625 mini-

190 657 276 711 stret.
999 651 1041 711 20

108 732 241 797 Tractus
256 744 325 796 uter
338 730 442 832 plnres
456 732 585 818 lepores,
603 745 673 798 uter
686 733 799 797 educet
811 753 910 818 apros,

110 819 191 883 Utra
205 818 302 903 magis
316 839 415 903 pisces
430 829 462 882 et
477 817 601 882 echinos
616 841 739 903 aequora
752 819 862 895 celent,
902 829 913 846 s

110 903 242 989 Pinguis
257 915 292 967 ut
305 903 377 966 inde
393 903 517 967 domum
532 904 645 989 possim
662 904 839 990 Phaeaxque
854 906 967 972 reverti
976 930 986 983 3

112 990 253 1053 Scribere
268 1001 299 1054 te
315 988 412 1066 nobis,
429 990 485 1054 tibi
500 1012 555 1054 nos
569 990 739 1067 accredere,
756 1014 811 1077 par
825 1004 881 1056 est

111 1075 260 1150 Maenius,
276 1086 320 1153 ut,
337 1075 427 1139 rebus
442 1076 586 1140 maternis
600 1089 693 1162 atque
730 1076 845 1141 aternis
861 1100 866 1117 ¹
1001 1082 1043 1141 25

111 1162 247 1226 Fortiter
260 1160 439 1248 absumptis,
457 1161 590 1226 urbanus
604 1164 699 1249 coepit
709 1100 828 1239 baberi,

113 1249 226 1312 Scurra
239 1269 345 1334 vagus,
362 1270 423 1311 non
439 1248 493 1333 qui
508 1262 625 1313 certum
641 1270 776 1334 praesepe
792 1260 921 1327 teneret,

112 1334 289 1420 Impransus
305 1356 365 1397 non
375 1332 434 1419 -qui
451 1334 548 1398 civem
564 1333 760 1421 dignosceret
772 1334 870 1412 hoste,

112 1418 273 1495 Quaelibet
286 1418 318 1481 in
334 1420 474 1505 quemvis
488 1421 652 1506 opprobria
665 1420 783 1507 fingere
797 1443 905 1499 saevus,

113 1504 272 1570 Pernicies
287 1517 319 1569 et
333 1517 497 1590 tempestas
514 1505 750 1591 barathrumque
765 1505 894 1583 macelli,
1004 1510 1047 1571 30

113 1590 274 1677 Quicquid
289 1590 460 1676 quesierat,
477 1592 577 1656 ventri
591 1591 724 1656 donabat
737 1614 837 1657 avaro.

114 1676 188 1751 Hic,
206 1676 258 1741 ubi
273 1676 420 1762 neqnitiae
434 1677 603 1742 fautoribus
618 1689 651 1743 et
664 1677 778 1742 timidis
793 1678 836 1742 nil
888 1686 891 1692 “
959 1702 961 1706 ·

114 1764 183 1827 Aut
196 1763 334 1848 paullum
348 1763 522 1841 abstulerat,
540 1763 659 1849 patinas
673 1762 813 1829 coenabat
828 1764 932 1843 omasi,

113 1848 196 1913 Vilis
211 1861 275 1913 eta
300 1847 389 1926 ninae,
406 1850 503 1914 tribus
517 1850 595 1915 ursis
610 1849 693 1936 quod
707 1850 779 1915 satis
794 1863 891 1926 esset3

114 1873 337 1999 Nimirumiie
351 1958 410 2020 ego
424 1958 509 2000 sum:
534 1958 603 2000 nam
619 1948 685 2001 tuta
700 1947 732 2000 et
746 1939 872 2022 parvula
885 1937 985 2015 laudo,
1008 1941 1050 2002 35

114 2022 225 2097 Quum
240 2042 289 2084 res
303 2020 459 2100 deficiunt,
476 2022 548 2087 sutis
562 2022 644 2087 inter
658 2022 730 2086 vilia
744 2023 845 2088 fortis:

113 2106 235 2171 Verum
251 2105 304 2171 ubi
319 2106 393 2192 quid
410 2108 518 2173 melius
533 2107 686 2211 contingit
699 2121 732 2173 et
746 2105 877 2187 unctius,
893 2108 975 2174 idem

113 2193 182 2257 Vos
196 2214 305 2278 sapere
320 2203 352 2257 et
366 2193 445 2258 solos
459 2194 508 2258 aio
522 2194 603 2259 bene
618 2217 732 2271 vivere,
744 2217 874 2279 quorum

115 2278 317 2366 Conspicitur
331 2278 438 2344 nitidis
451 2280 579 2345 fundata
592 2280 724 2366 pecunia
738 2279 827 2345 villis.

506 2492 664 2503 ——-——

301 2650 463 2696 EPISTOLA
485 2649 643 2695 XVL—AD
667 2649 874 2712 porticulum.

117 2790 172 2857 Ne
187 2790 387 2877 perconteris,
403 2791 516 2856 fundus
530 2812 627 2867 meus,
644 2788 760 2874 optime
776 2789 916 2869 Quincti,

117 2878 207 2943 Arvo
222 2889 327 2963 pascat
342 2877 459 2955 herum,
475 2900 515 2942 an
529 2876 631 2940 baccis
645 2874 806 2960 opulentet
819 2876 917 2955 olivae,

119 2963 281 3039 Pomisne,
296 2986 335 3027 an
352 2964 455 3049 pratis,
472 2984 511 3028 an
527 2961 638 3027 amicti
653 2960 767 3025 vitibus
781 2962 882 3026 ulmo:

120 3049 284 3114 Scribetur
299 3050 355 3114 tibi
370 3050 467 3114 forma
481 3048 660 3134 loquaciter,
677 3058 710 3111 et
722 3047 798 3112 situs
812 3048 888 3135 agri.

119 3135 273 3200 Continui
290 3142 420 3212 montes,
437 3135 469 3199 ni
484 3132 685 3199 dissocientur
700 3133 795 3218 opaci
1037 3140 1057 3199 5

118 3221 232 3298 Valle3
255 3221 309 3285 sed
326 3233 359 3285 ut
374 3220 501 3285 veniens
516 3220 659 3285 dextrum
674 3219 753 3284 latus
767 3219 916 3307 adspiciat
928 3221 983 3298 sol,

119 3308 255 3371 Laevum
270 3306 422 3372 decedens
437 3329 527 3372 curru
542 3304 682 3391 fugiente
697 3319 832 3390 vaporet.

118 3392 327 3479 Temperiem
341 3392 454 3457 laudes.
501 3391 596 3468 Quid,
620 3391 647 3456 si
663 3390 832 3456 rubicunda
845 3390 981 3477 benigne

121 3480 230 3545 Corna
246 3501 355 3564 vepres
370 3491 402 3543 et
416 3501 514 3565 pruna
528 3476 653 3542 ferant?
673 3476 699 3540 si
714 3498 845 3561 querens
860 3488 892 3540 et
906 3477 969 3540 ilex
1010 3490 1013 3494 “

121 3564 233 3631 Multa
248 3566 346 3652 fruge·
355 3586 459 3651 pecus,
476 3564 572 3630 multi
586 3562 746 3628 dominum
756 3563 847 3647 juvet
860 3559 992 3629 umbra?
1025 3567 1063 3627 lo

873 3666 894 3709 n
