2442 4059
153 218 194 277 92
406 232 648 278 sersaonrnuru
670 230 737 276 uus.
754 233 791 276 11.
806 217 837 276 ἱ).

156 385 328 470 Civilisque
342 384 449 449 rudem
465 384 537 466 belli
554 384 625 449 tulit
638 397 730 450 aestus
744 383 776 448 in
791 407 884 461 arma,

156 472 287 538 Caesaris
303 471 439 556 Augusti
455 493 515 535 non
533 493 715 556 responsura
730 470 861 535 lacertis.

155 558 251 624 Unde
266 557 356 621 simul
373 557 504 640 primum
520 579 569 620 me
584 556 727 620 dimisere
744 556 891 642 Philippi,

154 643 280 709 Decisis
295 642 442 706 humilem
459 643 578 729 pennis,
595 642 783 729 inopemque
798 641 917 727 paterni
1053 647 1095 706 50

155 730 200 794 Et
214 729 284 793 laris
300 743 331 794 et
345 729 443 805 fundi,
459 743 624 814 paupertas
638 729 762 814 impulit
775 727 876 792 audax

156 815 205 881 Ur
219 837 323 879 versus
339 816 480 879 facerem.
526 815 598 891 Sed,
615 815 697 900 quod
713 838 774 879 non
790 813 878 889 desit,
895 812 1073 892 habentem,

156 901 238 976 Quae
253 913 399 986 poterunt
414 924 548 987 unquam
563 901 636 965 satis
651 923 824 987 expurgare
840 899 957 974 cicutae,

156 987 199 1050 Ni
216 987 325 1051 melius
340 986 472 1051 dormire
487 1000 594 1072 putem
609 1009 702 1072 quam
716 987 850 1051 scribere
865 982 995 1048 versus?

131 1101 136 1112 ·
158 1073 288 1159 Singula
303 1073 341 1136 de
357 1073 444 1137 nobis
459 1073 533 1138 anni
549 1073 723 1158 praedantur
738 1084 866 1136 euntes:
1051 1075 1093 1134 55
1207 1060 1208 1063 ¹

156 1158 308 1223 Tendunt
323 1171 507 1244 extorquere
524 1172 674 1244 poemata.
711 1158 807 1233 -Quid
822 1159 930 1222 faciam
944 1155 1015 1222 vis?

155 1245 305 1331 Denique
321 1268 382 1309 non
398 1267 504 1309 omnes
519 1245 626 1309 eadem
642 1245 791 1309 mirantur
805 1258 990 1330 amantque:

158 1331 304 1396 Carmine
320 1346 354 1396 tu
368 1331 494 1418 gaudes,
512 1331 561 1395 lric
576 1330 745 1397 delectatur
759 1330 887 1407 iambis;
905 1343 909 1348 '

155 1416 216 1480 Ille
234 1417 360 1482 Bioneis
374 1419 565 1482 sermonibus
580 1429 612 1482 et
625 1417 688 1481 sale
704 1416 803 1503 nigro.

156 1502 238 1566 Tres
253 1503 328 1566 mihi
343 1503 480 1568 convivae
495 1526 590 1589 prope
605 1503 766 1568 dissentire
782 1501 935 1580 videntur,
1053 1507 1096 1566 60

157 1589 326 1653 Poscentes
340 1590 423 1653 vario
438 1590 568 1654 multum
584 1589 705 1652 diversa
719 1588 829 1671 palato.

157 1673 243 1750 Quid
263 1673 359 1740 dem?
381 1675 455 1761 quid
478 1698 540 1739 non
562 1674 659 1739 dem?
704 1675 825 1739 Renuis
841 1686 886 1750 tu,
902 1671 986 1760 quod
1004 1672 1096 1759 jubet

240 1761 334 1836 alter3

57 1908 59 1912 ,
157 1846 252 1921 Quod
268 1847 356 1932 petis,
373 1846 403 1910 id
418 1869 491 1911 sane
507 1858 555 1911 est
568 1846 701 1910 invisum
714 1847 898 1931 acidumque
913 1845 1043 1910 duobus.

158 1931 276 1998 Proeter
290 1946 402 2006 cetera,
419 1955 468 1996 me
486 1932 636 1996 Romaene
651 1946 793 2018 poemata
807 1954 915 1996 censes

159 2019 299 2083 Scribere
316 2041 415 2104 posse,
430 2017 511 2083 iuter
526 2030 572 2083 tot
585 2041 673 2082 curas
688 2030 795 2104 totque
810 2018 952 2084 labores?
1052 2025 1095 2083 65

160 2104 224 2168 Hic
238 2127 382 2190 sponsum
399 2116 496 2181 vocat,
513 2103 563 2167 hic
577 2103 715 2168 auditum
731 2103 853 2188 scripta,
865 2104 980 2170 relictis

158 2191 313 2256 Omnibus
327 2190 452 2266 officiis3
475 2190 567 2254 cubat
583 2188 634 2254 hic
648 2190 680 2273 in
696 2189 774 2253 colle
790 2189 927 2266 Quirini,

156 2276 221 2340 Hic
236 2289 376 2341 extremo
391 2277 422 2340 in
440 2276 607 2353 Aventino,
624 2275 770 2340 visendus
784 2288 935 2361 uterque3

157 2361 325 2427 Intervalla
339 2363 425 2426 vides
439 2361 573 2425 humane
589 2361 757 2426 commoda.
802 2361 920 2425 Verum

158 2447 250 2512 Purae
264 2461 336 2512 suut
373 2448 469 2523 lateae,
486 2447 562 2511 nihil
578 2461 612 2512 ut
627 2447 845 2512 meditantibus
860 2447 969 2514 obstet.
1056 2455 1097 2514 70

157 2532 298 2597 Festinat
313 2471 427 2598 calidus
443 2534 532 2597 mulis
546 2533 725 2620 gerulisque
740 2534 910 2609 redemtor3

157 2617 301 2703 Torquet
314 2642 397 2682 nnuc
413 2620 555 2705 lapidem,
574 2642 657 2683 nunc
671 2621 782 2705 ingens
797 2619 938 2684 machina
952 2618 1095 2707 tignum3

157 2702 275 2768 Tristia
289 2705 421 2770 robustis
437 2705 590 2788 luctantur
606 2706 715 2769 lunera
730 2705 890 2791 plaustris3

158 2788 230 2853 Hac
245 2790 364 2855 rabiosa
378 2791 459 2878 fugit
473 2791 566 2867 canis,
583 2790 640 2854 hac
655 2791 807 2856 lutulenta
822 2791 884 2855 ruit
897 2814 966 2857 sus:

157 2874 173 2938 l
191 2898 283 2952 nunc,
300 2889 332 2941 et
346 2900 450 2941 versus
467 2891 567 2942 tecum
584 2877 731 2941 meditare
747 2900 883 2941 canoros.
1057 2883 1097 2943 75

159 2962 349 3047 Scriptorum
365 2963 473 3027 chorus
489 2963 590 3028 omnis
604 2976 687 3027 amat
701 2985 810 3026 nemus
825 2977 858 3027 et
872 2962 954 3049 fugit
969 2962 1072 3042 urbes,

160 3047 235 3111 Rite
250 3045 346 3110 cliens
364 3047 487 3123 Baccbi,
503 3071 610 3112 somno
624 3049 789 3135 gaudentis
804 3061 835 3113 et
850 3050 975 3113 umbria:

158 3132 212 3196 Tu
228 3155 277 3196 me
293 3132 372 3196 inter
386 3135 532 3219 strepitus
548 3147 713 3199 nocturnos
727 3148 822 3220 atque
837 3135 964 3199 diurnos

159 3217 217 3282 Vis
232 3240 352 3294 cauere,
369 3230 401 3281 et
415 3231 571 3284 contracta
585 3221 675 3306 sequi
690 3221 822 3322 vestigia
837 3219 966 3285 vatum?

159 3303 337 3390 Ingenium,
354 3303 411 3366 sibi
427 3305 509 3389 quod
526 3327 635 3370 vacuas
650 3306 799 3372 desumsrt
815 3307 965 3383 Athenas,
1059 3312 1100 3373 80

160 3387 203 3451 Et
217 3389 326 3452 studiis
340 3410 437 3453 annos
451 3402 570 3473 septem
587 3391 682 3470 dedit,
698 3392 898 3480 insenuitque

160 3472 264 3536 Libris
279 3489 310 3538 et
325 3475 414 3550 curis,
428 3474 528 3538 staturi
544 3475 726 3540 taciturnius
740 3478 807 3542 exit

161 3556 361 3646 Plerumque,
378 3573 410 3625 et
424 3558 488 3624 risu
502 3560 649 3647 populum
665 3563 767 3648 quatit
776 3587 785 3640 3
807 3563 858 3629 bic
873 3587 933 3653 ego
948 3587 1052 3629 rerum
