2442 4059
336 273 579 319 nrrsronnsuru
602 275 670 319 nm.
687 275 710 319 r.
729 259 778 321 16.
992 261 1033 321 75

87 424 163 491 Non
179 424 336 491 bominem
351 426 467 492 occidi:
493 427 565 492 Non
581 449 688 513 pasces
703 426 735 490 in
751 449 842 491 cruce
858 450 974 493 corvos.

89 515 167 577 Sum
185 514 282 576 bonus
297 526 330 578 et
343 513 436 601 frugi.
484 512 604 577 Renuit
619 515 799 601 negitatque
817 514 976 579 Sabellus:

89 599 210 663 Cautus
225 598 308 663 enim
324 602 435 664 metuit
449 600 569 664 foveam
585 600 687 685 lupus,
703 599 913 686 accipiterque
992 606 1034 665 50

89 686 257 770 Suspectos
271 685 407 771 laqueos,
422 697 455 749 et
469 699 611 771 opertum
627 686 750 750 milvius
765 686 899 750 hamum.

88 770 236 836 Oderunt
250 793 377 856 peccare
393 772 467 835 boni
482 772 604 837 virtutis
618 794 742 835 amore:

88 855 142 919 Tu
157 856 234 919 nibil
249 855 393 922 admittes
407 858 439 921 in
456 871 486 922 te
501 857 665 923 formidine
680 880 791 942 poenae.

89 942 139 1007 Sit
153 964 224 1028 spes
239 942 374 1019 fallendi,
392 942 533 1009 miscebis
548 966 633 1008 sacra
647 944 800 1028 profanis:
888 966 891 977 ·

88 1027 176 1111 Nam
187 1027 226 1091 de
242 1028 326 1093 mille
340 1030 419 1094 fabae
434 1030 543 1095 modiis
558 1052 655 1115 quum
670 1028 797 1115 surripis
812 1052 918 1108 unum,
992 1034 1033 1094 55

87 1112 249 1177 Damnum
265 1126 321 1192 est,
338 1138 399 1180 non
415 1116 543 1193 facinus,
560 1116 636 1179 mihi
651 1127 740 1202 pacto
755 1115 855 1180 leuius
871 1115 938 1181 isto.

88 1199 147 1263 Vir
173 1199 282 1350 popule,
308 1224 400 1266 omne
422 1203 521 1267 lorum
548 1224 641 1287 quem
666 1214 786 1289 spectat
809 1215 841 1267 et
864 1223 956 1266 omne
979 1200 1034 1274 tri-

196 1309 277 1364 una,

88 1370 349 1458 Quandocunque
366 1372 453 1437 Deos
468 1372 519 1438 vel
533 1396 626 1459 porco
641 1372 692 1438 vel
705 1373 785 1438 bove
799 1373 911 1460 placat,

86 1457 167 1523 June
182 1469 280 1543 pater,
297 1459 388 1535 clare,
404 1459 485 1524 clare
501 1482 596 1545 quum
611 1459 701 1535 dixit,
719 1459 858 1545 Apollo,

88 1542 192 1607 Labra
206 1558 319 1621 movet,
336 1559 480 1613 metuens
492 1545 611 1609 audiri:
638 1544 771 1610 Pulchra
786 1544 940 1625 Lauerna,
989 1549 1033 1608 60

86 1628 142 1693 Da
156 1629 232 1694 mibi
247 1630 362 1708 fallere,
379 1632 418 1695 da
428 1632 514 1717 justo
528 1642 697 1716 sanctoque
713 1630 829 1707 videri:

85 1714 221 1801 Noctem
238 1718 381 1801 peccatis,
399 1732 431 1782 et
445 1717 605 1782 fraudibus
619 1717 720 1803 objice
736 1717 860 1781 nubem.

87 1800 156 1876 Qut
171 1802 280 1865 melior
294 1825 392 1879 servo,
408 1803 463 1889 qul
479 1802 603 1867 liberior
617 1804 658 1868 sit
671 1826 789 1880 avarus,

85 1886 123 1951 In
142 1887 241 1951 triviis
255 1888 353 1952 fixum
367 1912 463 1973 quum
478 1911 511 1953 se
527 1889 663 1955 demittit
677 1889 716 1954 ob
730 1912 840 1966 assem,

86 1971 160 2036 Non
177 1973 285 2038 video:
302 1997 373 2040 nam
389 1975 443 2061 qui
458 1975 573 2061 cupiet,
590 1989 709 2041 metuet
723 1998 865 2077 quoque3
881 1997 973 2061 porro
989 1979 1032 2038 65

85 2059 153 2134 Qui
170 2074 310 2125 metuens
325 2061 418 2137 vivet,
435 2061 513 2125 liber
528 2062 603 2125 milri
618 2084 680 2126 non
695 2075 755 2127 errt
769 2085 915 2147 unquam.

85 2144 230 2210 Perdidit
244 2169 337 2222 arma,
354 2147 455 2211 locum
470 2147 591 2212 virtutis
605 2148 751 2226 deseruit,
768 2149 822 2233 qui

85 2232 219 2316 Semper
233 2233 265 2295 in
280 2233 424 2320 augendi:
439 2233 564 2298 festinat
579 2245 611 2298 et
626 2233 765 2298 obruitur
780 2256 823 2297 re.

84 2317 234 2381 Vendere
250 2341 346 2404 quum
361 2318 458 2404 possis
471 2319 638 2405 captivum,
655 2319 794 2383 occidere
809 2318 891 2382 noli:

85 2403 213 2467 Serviat
229 2405 362 2469 utiliter:
386 2405 452 2468 sine
468 2418 572 2490 pascat
586 2404 681 2469 durus
695 2416 845 2489 aretque:
989 2409 1031 2469 70

83 2487 227 2576 Naviget
240 2512 277 2553 ac
290 2490 400 2555 mediis
414 2490 531 2554 hiemet
546 2504 697 2555 mercator
711 2491 743 2553 in
760 2490 870 2567 undis:

83 2578 233 2639 Annonae
247 2576 362 2662 prosit:
385 2590 488 2662 portet
501 2576 657 2641 frumenta
671 2599 841 2663 penusque.

82 2660 145 2724 Vir
160 2661 260 2726 bonus
275 2676 307 2726 et
320 2663 443 2749 sapiens
457 2662 584 2727 audebit
598 2663 720 2727 dicere:
747 2662 901 2741 Pentbeu,

83 2747 206 2819 Recto:
222 2747 411 2823 Thebarum,
428 2748 502 2835 quid
519 2771 568 2811 me
583 2749 720 2834 perferre
735 2747 862 2835 patique

81 2832 257 2921 Indignum
287 2832 408 2921 coges?
456 2834 600 2899 Adimam
628 2838 712 2900 bona.
769 2833 894 2921 Nempe
924 2856 1029 2921 pecus,

170 2943 248 2996 rem,
991 2924 1032 2984 75

80 3004 211 3083 Lectos,
227 3019 410 3093 argentum:
433 3006 523 3071 tollas
537 3004 620 3070 licet.
663 3006 703 3069 Im
717 3009 843 3070 manicis
856 3016 884 3071 et

81 3094 283 3177 Compedibus
296 3116 371 3157 saeoo
385 3104 413 3156 te
425 3095 477 3157 sud
491 3094 607 3155 custode
621 3094 726 3156 tenebo.

80 3178 158 3261 lpse
174 3177 261 3253 deus,
277 3178 462 3265 simulatque
478 3178 588 3255 volam,
605 3200 656 3242 me
670 3177 778 3243 solvet
823 3178 955 3264 Opinor,

80 3264 160 3329 Hoc
174 3264 291 3330 sentit:
316 3264 455 3341 Moriar:
478 3286 559 3329 mors
575 3264 682 3329 ultima
697 3263 778 3331 linea
792 3287 895 3330 rerum
910 3278 966 3327 est
