2442 4059
116 296 170 337 utu.
184 298 201 333 1.
214 282 250 347 6.]
442 284 723 332 ΙΝΤΕΒΡΒΕΤΑΤΙΟ.
828 339 830 346 ¹
996 284 1058 349 201

151 436 254 483 21—25.
272 432 423 497 [procurare]
442 436 494 481 Huc
505 434 573 482 dicit:
593 436 645 481 ‘me
656 434 707 495 ipso
718 434 863 496 inspectante
873 452 952 484 servus
963 445 1063 485 structor

116 515 231 556 mensam,
243 508 269 547 ut
280 501 354 554 decet,
365 500 499 560 apparabit.'
524 500 611 546 Pendet
622 508 700 546 autem
710 515 731 546 v.
741 517 864 561 procurare
875 512 898 549 et
909 518 924 549 a
935 519 955 549 v.
968 505 1061 551 idoneus

117 564 159 627 (ad
170 565 316 626 providenda
330 566 416 620 omnia,
433 561 572 622 ἐπιτήδειος
589 560 741 628 οἰκονομεῖν)
754 575 777 613 et
793 582 808 613 a
819 582 839 614 v.
851 570 994 629 imperen-
1003 566 1058 630 [im-

113 628 195 691 peror]
212 646 255 691 pro
265 632 390 690 imperatur
401 631 456 675 milti
467 630 527 676 diris
537 630 567 675 ad
578 630 709 689 analogiam
722 646 744 675 v.
755 630 846 692 jubeor.
855 657 887 667 -
898 630 977 694 [turpe
988 630 1059 695 toral]

116 710 148 745 ue
160 710 318 755 synonymum
330 694 360 740 sit
371 709 392 741 v.
404 696 525 749 immunda,
537 694 719 754 explicabimus:
737 696 797 742 ‘usu
813 697 924 744 detritum
939 706 963 743 et
977 699 1060 745 coloris

116 760 227 807 evanidi.'
235 759 315 818 -[m
325 774 368 805 non
399 761 405 784 ⁴
415 768 441 805 ut
452 760 534 819 pocula
545 768 568 805 et
579 759 666 819 parinae
676 759 782 818 argentei
792 763 879 823 speculi
891 763 964 809 instar
981 764 1059 823 splen·

116 822 363 886 deme-[eumne
394 826 475 869 ‘extra
496 824 568 870 limen
585 825 668 870 domus
684 839 742 871 meae
759 841 831 885 quum
852 826 944 884 exierit,
965 839 1060 888 propter

114 890 277 950 garrulitatem
288 897 376 935 temere
387 888 491 947 divulget
502 888 650 935 convivarum
661 890 796 937 sermones!

149 954 188 1008 26,
208 953 245 1009 27.
264 952 375 1015 [Butram
396 950 573 1015 Septiciumque]
598 954 688 999 sodales
706 954 818 1013 Torquati
838 964 861 1001 et
882 956 973 1002 Horatii
992 957 1059 1004 nobis

114 1017 325 1081 ignoti—[coma
338 1016 413 1078 prior]
431 1017 562 1077 ‘adquam
579 1018 643 1078 prius
659 1033 729 1078 qnam
747 1020 776 1065 ad
789 1035 865 1066 meam
882 1021 979 1068 tortasse
996 1023 1058 1070 invi·

115 1092 179 1130 mtus
196 1079 429 1145 est.'-[Sahinum]
448 1085 560 1128 Sabinum
579 1083 641 1129 hunc
660 1083 700 1129 alii
717 1084 799 1130 volunt
818 1099 868 1131 esse
889 1087 918 1131 A.
937 1087 1059 1144 Sabinum,

116 1149 196 1195 Ovidii
207 1148 308 1195 amicum
320 1146 387 1210 (Am.
400 1149 422 1203 2,
436 1147 474 1204 18,
487 1146 536 1208 17),
548 1148 585 1193 cui
597 1148 653 1193 olim
668 1148 802 1195 tribuebant
818 1159 864 1195 tres
877 1150 991 1197 Heroides
1003 1153 1059 1199 Ori·

115 1214 194 1260 dionis
211 1214 347 1273 plerumque
365 1214 506 1272 subjunctas,
521 1226 546 1257 re
558 1214 613 1258 veri
625 1221 702 1259 autem
713 1214 851 1274 compositae
861 1216 955 1261 demum
968 1216 1059 1263 circiter

115 1292 137 1325 a.
152 1278 224 1334 1467,
242 1280 271 1324 ab
288 1278 378 1337 Angelo
394 1276 496 1328 Quirino
514 1277 607 1333 Sabino,
626 1279 777 1334 grammatico
794 1280 869 1335 Italo;
886 1280 925 1325 alii
945 1281 1058 1327 Sabinum

117 1343 236 1396 Tironem,
248 1342 288 1402 qui
300 1343 384 1388 librum
397 1341 528 1404 Cepuriccin
541 1342 663 1388 Maecenati
674 1342 767 1389 dicarit.
785 1341 856 1404 (Plio.
871 1345 900 1390 H.
913 1344 942 1391 N.
957 1344 994 1400 19,
1007 1343 1056 1406 19.)

148 1407 254 1454 att-31.
273 1404 383 1469 [umbris]
407 1406 526 1452 ‘convivis
545 1421 559 1452 a
578 1407 726 1454 convivatore
743 1423 789 1455 non
809 1408 921 1463 invitatis,
938 1411 980 1456 sed
999 1425 1057 1469 quos

116 1473 157 1532 qui
174 1472 267 1519 invitati
282 1481 337 1518 sunt
353 1472 472 1517 interdum
488 1485 567 1517 secum
584 1472 688 1518 ducunt!
712 1472 759 1519 cfr.
772 1474 819 1520 Sat.
830 1474 853 1529 2,
866 1474 890 1530 8,
903 1475 941 1521 22.
976 1475 1059 1522 Plures
1101 1480 1104 1483 ’

114 1536 262 1584 autemdicit
272 1538 301 1583 ed
313 1551 429 1583 summurn
441 1543 548 1595 quatuor,
566 1535 651 1595 quibus
661 1536 742 1583 solitus
759 1538 897 1585 novenarius
909 1538 1058 1586 convivarum

115 1616 228 1649 uumerus
247 1603 353 1662 expletus
371 1608 439 1647 esset.
472 1601 554 1656 Varro,
571 1601 634 1660 apud
649 1601 709 1647 Geli.
727 1602 764 1658 13,
778 1602 815 1659 ll,
833 1603 889 1649 dicit
907 1605 1057 1651 convivarum

115 1680 242 1713 numerum
257 1666 361 1726 incipere
377 1680 392 1711 a
409 1665 542 1711 Gratiarum
559 1678 657 1711 numero
674 1673 700 1711 et
715 1667 825 1727 progredi
841 1669 871 1714 ad
887 1670 1058 1716 Musarum.-

114 1728 176 1793 [Sed
184 1728 263 1792 simis]
280 1732 374 1779 ‘Nolim
391 1739 469 1777 tamen
486 1729 571 1777 nimius
586 1730 618 1775 sit
633 1733 767 1777 umbrarum
784 1740 876 1778 tuarum
891 1749 1010 1788 numerus,
1027 1748 1057 1781 ne

115 1811 190 1855 quum
211 1806 273 1842 arcte
292 1798 428 1843 accumbere
445 1808 562 1853 cogamur,
580 1794 648 1841 ioetor
666 1796 755 1843 alarum
767 1793 849 1858 (quem
868 1814 959 1859 caprum
971 1800 1057 1846 Catuli.

113 1860 155 1916 69,
166 1862 190 1916 5,
206 1863 293 1908 lu'rcum
308 1862 383 1921 Epod.
397 1859 433 1916 12,
444 1861 468 1915 5,
480 1858 602 1919 vocabunt)
618 1860 685 1907 nohis
700 1862 810 1909 molestus
826 1862 923 1909 flat'-
932 1860 1055 1925 [rescribe]

116 1925 248 1976 ‘Quocirca
259 1926 367 1982 rescribe,
383 1940 436 1971 cum
452 1933 508 1983 quot
519 1922 642 1970 comitibus
653 1926 683 1971 ad
698 1941 786 1972 coenam
798 1942 874 1973 meam
886 1938 996 1976 venturus
1008 1929 1056 1976 sis!

114 1991 191 2037 sichel.
209 1991 241 2037 Ut
252 1990 330 2037 omnia
339 1998 392 2049 apte
403 1989 528 2049 praeparari
540 1989 674 2049 possint—
682 1987 773 2054 [rebus]
792 1993 904 2052 ‘negotiis
910 1994 971 2054 J'uris
982 1994 1056 2040 civilis

114 2070 143 2101 ac
160 2055 299 2101 litibus.'-
311 2051 382 2116 [salle
397 2050 513 2113 clientem]
534 2052 610 2099 ‘clam
628 2056 738 2102 subtrahe
757 2066 781 2103 te
800 2057 879 2103 clienti
898 2058 1055 2117 qualicunque

114 2117 176 2181 (non
187 2120 263 2166 solum
275 2120 370 2166 Moscho
381 2117 435 2178 illi),
447 2119 487 2178 qui
499 2119 535 2164 vel
547 2121 590 2165 suh
601 2132 707 2166 occasum
718 2120 780 2178 eolis,
792 2122 849 2167 horsi
859 2123 956 2168 minime
971 2137 1056 2182 oppor-

114 2185 182 2241 tuni,
200 2193 223 2231 te
240 2186 269 2231 de
284 2186 353 2232 causi
367 2185 410 2231 sui
425 2185 546 2230 consulere
560 2197 659 2244 eamque
673 2193 696 2231 te
707 2187 790 2232 docere
801 2187 872 2247 cupit,
888 2195 959 2246 atquc
969 2187 1056 2233 atrium

114 2250 199 2296 domus
212 2259 257 2295 ωε
267 2256 343 2297 servm
355 2248 391 2311 (id
402 2258 443 2305 est,
455 2249 524 2295 anxie
535 2249 648 2311 explorat,
659 2250 742 2296 necubi
754 2258 804 2296 tute
814 2265 925 2311 appareas
936 2252 973 2296 vel
984 2250 1055 2297 etiam

113 2314 224 2361 ostiarius
234 2314 326 2374 aliquis,
337 2329 378 2374 per
390 2329 459 2373 quem
471 2315 500 2360 ad
512 2322 534 2359 te
545 2311 703 2376 admittatur),
714 2329 757 2374 per
767 2315 852 2360 ostium
860 2318 971 2375 posticum
983 2311 1055 2376 (istu-

112 2375 225 2442 ddbuqou
235 2378 260 2426 in
271 2378 397 2440 posteriore
414 2378 500 2425 oedium
511 2375 590 2438 parte)
601 2379 720 2427 evadens'

476 2524 637 2572 aristote
654 2526 696 2572 Vl.

147 2640 253 2687 Aaouu.
272 2638 345 2697 Missa
352 2648 387 2685 est
394 2639 425 2685 ad
432 2639 566 2685 Numicium
575 2640 701 2699 quendam,
710 2637 828 2685 hominem
837 2653 931 2698 prorsus
939 2638 1055 2700 ignotum,

112 2706 222 2766 de-quus
232 2705 310 2751 indole
322 2720 348 2751 ac
363 2704 465 2750 moribus
478 2704 516 2750 vix
533 2704 662 2764 quidquam
680 2719 709 2750 ex
724 2704 775 2763 ipsi
787 2704 892 2763 Epistolis
908 2706 994 2761 elicias,
1010 2706 1055 2755 etsi

112 2779 162 2817 tam
180 2771 253 2815 multa
269 2769 294 2815 in
311 2771 339 2815 ed
356 2769 428 2815 octrlls
444 2770 496 2827 plus
513 2783 582 2827 quam
600 2770 688 2828 lynceis
701 2768 759 2815 vidit
772 2768 915 2825 Wielandus,
936 2781 961 2816 ut
979 2771 1054 2819 facete

112 2832 201 2881 dixerit
207 2834 301 2891 Jacobs,
310 2833 413 2880 Numicii
424 2832 523 2892 effigiem
535 2836 564 2879 ab
575 2834 619 2879 boc
630 2848 763 2894 expressam
773 2833 915 2880 simillimam
925 2850 975 2881 esse
985 2837 1053 2883 Demi

113 2900 295 2946 Atheniensium
312 2914 326 2944 a
339 2899 460 2944 Parrhasio
474 2898 537 2957 picti,
555 2898 579 2943 in
597 2911 644 2957 quo
660 2907 753 2944 auctore
764 2897 840 2945 Plinio
852 2898 902 2960 (35,
917 2900 956 2956 19,
973 2916 990 2948 s.
1001 2899 1054 2962 36,)

111 2964 198 3011 artifex
214 2965 305 3011 volebat
320 2966 394 3010 omnio
407 2965 498 3023 pariter
513 2964 636 3009 ostendere.
668 2962 784 3016 Numicio,
798 2964 880 3023 juveni
898 2967 959 3012 boni
976 2964 1055 3013 indole

112 3029 213 3091 praedito
228 3026 343 3089 (alioquin
359 3028 421 3074 enim
440 3026 550 3073 Horatius
568 3041 621 3072 eum
641 3026 666 3073 in
683 3026 798 3073 sodalium
817 3044 912 3075 suorum
929 3045 1054 3077 numerum

113 3108 161 3142 non
173 3093 297 3153 recepisset
305 3090 324 3153 :l
341 3092 463 3143 consilium
474 3092 521 3148 dut,
533 3099 560 3138 ut
570 3099 659 3138 certum
670 3092 786 3151 quoddam
798 3093 892 3141 vivendi
909 3094 1052 3155 propositum

111 3160 193 3218 eligat,
212 3160 358 3217 electumque
375 3166 506 3204 mrrstanter
525 3165 611 3212 teneat,
627 3170 671 3203 nec
687 3156 712 3202 in
723 3157 817 3203 vivendi
836 3174 921 3218 genere
941 3167 1053 3218 perpetuo

113 3232 189 3281 nutet,
207 3223 404 3282 quemadmodum
421 3222 526 3282 plerique
545 3222 660 3268 mortales.
694 3222 808 3282 Scriptum
824 3224 949 3270 arbitratur
968 3221 1053 3268 Kirch·

113 3302 185 3335 uerus
197 3301 221 3335 s.
229 3300 254 3333 tt.
261 3300 284 3333 s.
295 3286 349 3341 7³8.
383 3288 451 3333 Certe
462 3286 546 3347 scripta
556 3294 591 3333 est
601 3294 654 3347 post
665 3300 689 3333 s.
699 3298 723 3333 tt.
732 3299 753 3333 c.
764 3286 819 3345 729,
830 3297 857 3334 ut
867 3289 934 3334 docet
945 3301 966 3332 v.
978 3286 1018 3333 26.

148 3354 169 3408 l,
187 3354 211 3399 2.
230 3350 286 3414 [Nil
303 3348 427 3413 admirari]
444 3352 466 3397 A
482 3351 586 3398 ridiculis
602 3351 694 3397 Horatii
710 3353 901 3398 obtrectatoribus
918 3351 967 3396 hoec
984 3353 1054 3397 verbe

112 3418 171 3465 deta
189 3418 262 3477 opera
284 3416 309 3463 in
330 3416 469 3463 deteriorem
490 3424 580 3476 partem
604 3416 716 3477 explicari
737 3417 820 3472 solent,
844 3416 910 3475 quasi
935 3415 1054 3464 exhaustis

113 3482 217 3543 corporis
238 3482 326 3527 viribus
348 3490 372 3527 et
393 3482 448 3527 vitoe
468 3481 538 3526 taedio
560 3488 641 3541 captus
663 3481 688 3527 in
712 3495 741 3527 ea
761 3480 906 3542 proruperit;
931 3480 972 3526 sed
993 3481 1054 3529 nibil

114 3547 218 3608 proiecto
233 3546 298 3592 aliud
312 3545 374 3604 iecit,
391 3560 460 3605 quam
477 3554 504 3591 ut
521 3554 636 3605 repeteret
651 3545 836 3604 antiquissimam
848 3545 984 3590 Graecorum
999 3548 1054 3593 doc·

114 3610 210 3667 uinum,
228 3626 281 3671 quse
300 3610 401 3670 primum
421 3608 566 3670 potissimum
585 3610 615 3655 sd
633 3618 721 3655 naturoe
739 3605 876 3673 φαινόμενα
894 3609 975 3668 priscis
992 3626 1054 3657 mor·

114 3678 203 3727 talibus
222 3684 334 3723 terrorem
351 3674 455 3721 incutere
474 3674 550 3730 solite,
562 3674 657 3784 ygeinde
678 3681 703 3719 et
721 3676 752 3719 ab
774 3674 875 3733 Epicuro
895 3682 919 3719 et
938 3688 953 3721 a
972 3676 1055 3722 Stoicis
