2442 4059
400 252 601 300 serrsnrron
624 254 692 299 nm.
709 256 747 299 11.
762 241 793 301 5
1025 243 1067 302 35

128 412 189 475 Seu
205 421 290 475 recte
305 408 364 473 hoo
378 406 477 481 volui:
500 428 541 471 ne
555 406 597 471 sis
611 417 739 492 patruus
752 406 838 471 mihi.
883 404 986 472 Credo

127 498 198 560 Hoc
214 494 337 561 Staberi
351 495 534 579 prudentem
548 494 685 557 animum
702 493 822 557 vidisse.
868 494 955 569 Quid
970 518 1046 582 ergo

127 582 241 658 Sensit,
258 603 354 666 quum
368 602 518 643 summam
533 580 698 665 patrimoni
712 579 885 665 insculpere
899 603 974 645 saxo
1023 588 1063 644 90

126 668 276 733 Haeredes
291 666 413 731 voluit?
457 666 569 741 Quoad
584 666 672 741 vixit,
689 666 817 731 credidit
831 666 943 751 ingens

126 754 310 841 Pauperiem
327 753 445 827 vitium,
461 766 494 816 et
508 752 590 816 cavit
603 752 680 815 nihil
694 753 813 826 acrius3
837 766 880 828 ut,
896 754 923 817 si

123 844 215 906 Forte
230 840 333 903 minus
347 838 485 923 locuples
501 860 561 901 uno
576 838 746 923 quadrante
761 839 900 923 perisset,

123 924 139 989 Ι
162 948 195 991 se
211 926 368 991 videretur
382 924 440 989 sibi
455 925 602 1009 nequior:
627 923 726 988 omnis
740 923 823 987 enim
838 946 896 1001 res,

153 1013 239 1089 irtus,
256 1014 346 1086 sama,
363 1010 466 1088 decus,
482 1009 586 1074 divina
600 1010 795 1095 humanaque
810 1009 946 1095 pulchris
1018 1016 1059 1073 95

122 1097 251 1163 Divitiis
267 1109 395 1184 parent3
420 1118 495 1181 quas
509 1097 564 1181 qui
580 1097 795 1173 construxerit,
811 1096 864 1161 ille

123 1184 234 1249 Clarus
248 1186 317 1259 erit,
333 1183 553 1267 fortisjustus.
583 1182 778 1267 Sapiensnel
805 1181 919 1260 Etiam,
936 1193 968 1246 et
982 1204 1048 1260 rex,
1084 1252 1086 1256 ,

123 1268 165 1335 Et
179 1270 332 1357 quidquid
347 1269 439 1333 volet.
485 1268 566 1344 Hoc,
582 1268 680 1331 veluti
695 1268 808 1332 virtute
823 1281 974 1353 paratum,

123 1356 268 1442 Sper-avit
282 1377 403 1441 magnae
419 1354 501 1418 laudi
516 1354 590 1418 fore.
636 1353 722 1428 Quid
738 1354 837 1418 simile
851 1354 903 1419 isti

121 1442 250 1507 Graecus
269 1438 470 1526 Aristippus?
484 1440 538 1525 qui
552 1462 657 1505 servos
671 1440 821 1525 projicere
834 1462 943 1504 aurum
1001 1444 1061 1503 100

122 1528 157 1592 ln
174 1529 276 1593 medii
288 1528 383 1613 jussit
398 1526 511 1613 Libys,
528 1526 600 1611 quia
616 1526 730 1590 tardius
745 1526 826 1589 irent

122 1612 255 1699 Propter
270 1636 347 1679 onus
361 1634 483 1699 segnes.
530 1612 611 1677 Uter
626 1623 675 1677 est
689 1612 822 1675 insanior
837 1610 971 1676 horum?
1075 1665 1078 1670 ,

121 1698 176 1763 Nil
190 1703 256 1787 agit
271 1699 458 1784 exemplum,
475 1698 561 1762 litem
577 1697 660 1782 quod
675 1698 730 1761 lite
745 1698 879 1762 resolvit.

121 1786 155 1849 Si
171 1788 240 1872 quis
256 1785 493 1859 emarcidum,
510 1798 629 1868 emptas
643 1797 815 1869 comportet
828 1784 860 1847 in
879 1806 983 1861 onum,

120 1870 189 1936 Nec
204 1874 306 1937 studio
321 1873 454 1947 citharae,
471 1892 529 1933 nec
546 1869 650 1934 Musae
664 1870 786 1934 deditus
801 1870 876 1945 ulli;
997 1876 1055 1933 105

119 1958 153 2022 Si
169 1958 288 2044 scalpra
303 1972 335 2023 et
349 1960 461 2022 formas
475 1979 535 2020 non
552 1967 655 2031 sutor3
677 1957 801 2021 nautica
815 1956 883 2021 vele

118 2045 257 2109 Aversus
273 2042 469 2117 mercaturis3
492 2042 606 2106 delirus
621 2055 654 2106 et
667 2064 774 2107 amens

118 2128 270 2215 Undique
285 2130 404 2195 dicatur
418 2128 537 2193 merito.
582 2127 650 2202 Qui
664 2127 817 2213 discrepat
831 2127 906 2204 istis,

117 2215 184 2290 Qui
199 2238 341 2281 nummos
355 2236 526 2300 aurumque
541 2214 690 2290 recondit,
706 2215 827 2278 nescius
842 2213 887 2277 uti

117 2301 316 2387 Compositis,
329 2314 532 2386 metuensque
543 2300 630 2363 velut
644 2300 825 2387 contingere
838 2295 978 2363 sacrum?
996 2302 1055 2360 llo

118 2388 153 2451 Si
169 2390 239 2473 quis
253 2390 291 2452 ad
307 2388 466 2473 ingentem
482 2386 628 2449 frumenti
644 2408 766 2471 semper
780 2407 924 2449 acervum

117 2472 283 2539 Porrectus
297 2474 407 2559 vigilet
420 2495 490 2536 cum
506 2471 600 2558 longo
615 2473 713 2547 fuste3
736 2493 840 2556 neque
853 2471 941 2534 illinc

114 2560 242 2625 Audeat
257 2560 395 2625 esuriens
409 2558 551 2623 dominus
565 2557 747 2644 contingere
761 2578 902 2643 granum,

115 2647 165 2709 Ac
179 2648 282 2731 potius
297 2646 378 2710 foliis
392 2667 500 2730 parcus
515 2657 656 2708 vescatur
669 2644 796 2707 amaris:

116 2730 161 2807 Si,
177 2733 285 2816 positis
300 2733 382 2796 intus
399 2730 470 2795 Chii
487 2729 661 2814 veterisque
678 2729 802 2793 Falerni
992 2730 1051 2789 115

115 2814 209 2883 Mille
224 2817 317 2894 cadis,
334 2817 411 2880 nihil
427 2830 483 2892 est,
500 2830 684 2880 tercentum
701 2815 846 2892 millibus,
862 2835 932 2879 acre

115 2902 209 2968 Potet
222 2918 361 2968 acetum:
385 2925 455 2989 age,
471 2902 496 2965 si
511 2914 543 2965 et
557 2902 732 2965 stramentis
746 2901 873 2965 incubet
888 2899 983 2965 unde-

113 2988 285 3075 Octoginta
299 3010 395 3053 annos
410 3002 511 3067 natus,
525 2988 575 3051 cui
589 2986 726 3073 stragula
741 2987 843 3061 vestis,

112 3074 286 3139 Blattarum
300 3098 337 3139 ac
352 3076 503 3139 tinearum
518 3072 629 3159 epulae‚
646 3084 800 3157 putrescat
813 3073 846 3135 in
861 3073 948 3138 arci:

111 3160 268 3225 Nimirum
284 3162 408 3226 insanus
422 3160 527 3244 paucis
542 3158 691 3235 videatur,
707 3182 745 3222 eo
760 3160 842 3244 quod
991 3162 1050 3219 120

112 3246 256 3311 Maxima
270 3270 339 3333 pars
354 3246 511 3311 hominum
527 3246 634 3310 morbo
644 3246 778 3330 jactatur
793 3247 911 3309 eodem.

111 3332 221 3410 Filius,
237 3346 291 3397 eut
306 3335 398 3397 etiarn
413 3332 479 3397 lraec
494 3330 622 3395 libertus
636 3345 671 3395 ut
685 3330 789 3395 ebibet
803 3331 909 3406 haeres,

108 3419 173 3484 Dis
188 3420 312 3483 inimice
326 3441 433 3496 senex,
449 3416 605 3482 custodis?
628 3440 668 3479 ne
684 3417 739 3481 tibi
754 3416 855 3481 desit?

109 3504 307 3580 Quantulum
323 3506 405 3569 enim
420 3526 547 3568 summae
562 3502 695 3567 curtabit
708 3502 839 3587 quisque
854 3501 984 3578 dierum,

112 3592 244 3679 Ungere
259 3592 285 3657 si
301 3592 402 3657 caules
417 3590 485 3655 oleo
501 3589 628 3735 melioqe
643 3601 797 3672 caputque
990 3591 1049 3650 125

559 3695 577 3736 c
