2442 4059
174 1026 506 1110 EPISTOLA
547 1029 636 1111 AD
676 1032 972 1116 PISONES.

459 1287 673 1300 *-

98 1473 261 1539 Humnuo
278 1475 371 1561 capiti
387 1475 539 1539 cervicem
554 1475 654 1562 pictor
669 1475 814 1561 equinam

95 1561 239 1710 ,langere
254 1561 279 1625 si
295 1563 379 1638 velit,
397 1575 429 1626 et
445 1562 543 1626 varias
557 1562 706 1626 inducere
721 1563 841 1647 plumas
898 1635 902 1642 ¹

97 1645 154 1712 Un
178 1648 252 1733 ique
268 1648 386 1712 collatis
403 1648 558 1724 membris,
575 1661 610 1712 ut
626 1649 757 1735 turpiter
771 1663 873 1711 atrum

97 1733 234 1797 Desinat
248 1733 279 1796 in
296 1734 412 1819 piscem
429 1734 539 1797 mulier
554 1735 688 1798 formosa
701 1757 854 1820 superne;

98 1819 279 1904 Spectatum
295 1819 420 1883 admissi
435 1820 529 1884 risum
546 1820 688 1896 teneatis,
705 1818 822 1885 amici?
1024 1824 1044 1882 5

98 1905 237 1980 Credite,
257 1906 396 1981 Pisones,
413 1906 463 1970 isti
480 1906 592 1971 tabulae
608 1908 672 1972 fore
689 1907 800 1970 librum

99 1991 307 2068 Persimilem,
323 1995 421 2077 cujus,
437 1993 524 2057 velut
538 1993 612 2080 aegri
628 1993 757 2069 somnia,
774 2016 862 2058 vanae

100 2077 158 2140 Fin
186 2091 279 2141 entur
293 2079 422 2163 speeies,
440 2090 474 2143 ut
489 2101 548 2142 nee
563 2102 628 2164 pes,
645 2102 704 2143 nee
719 2094 811 2164 caput
827 2079 881 2143 uni

100 2101 264 2227 Reddatur
278 2165 394 2229 lormae.
442 2163 617 2229 Pictoribus
631 2179 726 2250 atque
742 2166 841 2251 poetis

99 2249 268 2325 Quidlibet
281 2248 415 2313 audendi
431 2271 554 2335 semper
569 2251 629 2314 fuit
643 2273 733 2336 aequa
748 2263 893 2336 potestas.
1007 2252 1045 2310 10

99 2336 233 2435 Scimus,
250 2346 283 2400 et
304 2334 384 2399 haue
404 2339 527 2399 veniam
548 2341 747 2423 petimusque
763 2335 940 2421 vdamusque
955 2333 1046 2398 vicis·

183 2443 252 2486 sim.

98 2506 161 2571 Sed
178 2529 241 2571 non
258 2519 293 2572 ut
308 2507 436 2592 placidis
451 2519 562 2572 coeant
576 2507 724 2583 immitia;
749 2530 810 2571 uon
827 2519 862 2572 ut

97 2594 269 2679 Serpentes
283 2593 392 2656 avibus
406 2595 617 2681 geminentur,
633 2595 766 2680 tigribus
781 2595 864 2680 agni.

97 2678 239 2765 inceptis
253 2679 400 2765 gravibus
415 2681 599 2766 plerumque
616 2693 648 2744 et
663 2703 776 2767 magna
790 2679 936 2765 professis

95 2765 291 2851 Purpureus,
307 2765 369 2829 late
386 2767 440 2852 qui
455 2767 627 2852 splendeat,
644 2789 724 2830 unus
739 2779 772 2830 et
786 2767 864 2829 alter
1006 2767 1044 2827 15

95 2852 252 2915 Adsuitur
266 2874 398 2936 pannus,
415 2874 513 2937 quum
527 2852 615 2916 lucus
631 2866 663 2916 et
677 2875 730 2917 ara
747 2851 869 2928 Dianae,
885 2922 898 2933 Ρ

95 2935 140 3002 Et
156 2939 351 3024 properantis
366 2961 456 3024 aquae
470 2960 527 3025 per
540 2961 679 3002 amoenos
693 2938 827 3001 ambitus
841 2959 942 3024 agros,

94 3026 165 3090 Aut
183 3023 297 3088 flumen
317 3024 475 3101 Rhenum,
492 3035 547 3088 aut
561 3022 686 3110 pluvius
700 3024 885 3088 describitur
898 3044 1006 3096 areus3

96 3109 161 3174 Sed
180 3131 264 3174 nune
279 3132 341 3174 non
358 3120 424 3174 erat
439 3110 486 3173 lris
503 3110 606 3174 loeus:
625 3120 657 3174 et
672 3110 798 3174 fortasse
814 3129 993 3196 cupressum

95 3196 168 3262 Scis
183 3194 329 3260 simulare
338 3220 348 3272 3
372 3195 447 3283 quid
463 3195 531 3272 hoe,
548 3196 573 3260 si
589 3196 693 3260 fractis
708 3208 813 3260 enatat
828 3218 939 3282 exspes
1003 3195 1045 3256 20

94 3280 251 3358 Navibus,
267 3304 328 3346 aere
344 3282 415 3346 dato
431 3283 486 3368 qui
500 3280 668 3370 pingitur?
712 3282 874 3370 Amphora
888 3278 984 3366 coepit

94 3367 246 3444 Institui3
271 3380 414 3432 currente
430 3369 495 3433 rotis
512 3391 567 3433 cur
583 3391 693 3432 urceus
708 3368 799 3433 exit?

94 3453 250 3539 Denique
265 3455 306 3519 sit
321 3454 443 3540 quidvis
458 3451 591 3540 simplex
606 3455 758 3519 duntaxat
772 3467 804 3518 et
818 3465 939 3516 unum'

140 3539 288 3608 Maxima
303 3551 504 3641 parsyatum,
522 3553 610 3627 pater
625 3553 658 3604 et
668 3542 802 3625 juvenes
817 3548 905 3623 patre
920 3533 1018 3624 digni,

96 3624 287 3712 Decipimur
301 3648 405 3712 specie
420 3626 508 3690 recti:
554 3625 666 3690 Brevis
681 3647 748 3689 esse
764 3624 877 3698 laboro,
1005 3624 1047 3683 25

772 3727 792 3772 r
