2442 4059
151 881 458 964 ECLOGAE
502 882 973 968 HORATIANAE.

480 1088 647 1102 ——n

480 1159 584 1217 PARS
605 1161 650 1219 11.

481 1276 647 1287 ———.

225 1414 509 1481 SATIRARUM
533 1414 677 1480 LIBER
702 1414 894 1481 PRIMUS.

480 1604 600 1648 stolum
623 1606 647 1648 1.

95 1736 169 1812 Qur
185 1734 229 1811 fit,
247 1734 414 1813 Maecenae,
431 1746 467 1801 ut
480 1760 691 1823 nemo,quom
706 1735 769 1815 sibi,
779 1746 893 1801 sortem

95 1824 162 1888 Seu
177 1822 254 1886 ratio
268 1822 396 1899 dederit,
411 1845 466 1888 seu
481 1824 542 1891 sors
557 1823 716 1909 objecerit,
731 1822 792 1887 illd.

96 1909 272 1972 Contentus
285 1908 378 1986 vivat,
394 1908 499 1974 laudet
512 1906 632 1973 diuersa
646 1906 835 2009 sequentes?

94 1994 129 2059 Ο
143 1993 290 2059 fortunati
305 1996 506 2059 mercatores!
527 1995 634 2085 gravis
647 1996 743 2059 aririro
768 2004 792 2055 7⁷

94 2078 195 2144 Miles
207 2079 260 2156 ait,
277 2080 374 2144 multo
383 2081 449 2166 jam
464 2081 578 2145 fractus
592 2079 856 2158 membroghbore.
1009 2083 1030 2141 5

94 2165 215 2230 Contra
228 2177 387 2242 mercator,
403 2188 513 2230 navem
530 2165 867 2231 'octantibus-Austris:

94 2250 216 2316 Militia
229 2262 276 2315 est
290 2251 399 2336 potior.
446 2189 536 2327 Quid
548 2250 656 2315 enim?
680 2251 898 2317 Concurritur:
921 2249 1004 2314 horae

92 2336 262 2401 Momento
277 2336 338 2401 cita
351 2360 433 2401 mors
447 2338 543 2415 venit,
558 2348 612 2402 aut
627 2337 753 2402 victorio
767 2337 846 2401 laeta.

92 2422 275 2509 Agricolam
289 2422 394 2488 laudat
403 2423 483 2508 juris
497 2423 665 2509 legumque
680 2423 807 2509 peritus,

93 2508 164 2573 Sub
178 2508 253 2593 galli
267 2521 390 2573 contum
402 2508 555 2574 consultor
571 2508 624 2573 ubi
640 2509 716 2573 ostia
730 2508 842 2594 pulsat.
990 2511 1028 2569 10

92 2594 166 2671 Ille,
183 2593 261 2658 datis
276 2594 403 2659 vadibus
418 2595 472 2680 qui
486 2617 557 2658 rure
572 2606 727 2660 extractus
740 2594 772 2657 iu
787 2594 894 2658 urbem
909 2605 966 2670 est,

92 2680 186 2745 Solos
200 2680 307 2745 felices
321 2680 460 2745 viventes
474 2680 631 2745 clamatio
646 2680 733 2744 urbe.

93 2765 212 2830 Cetera
226 2765 265 2829 de
279 2789 395 2853 genere
410 2766 477 2843 hoc,
493 2767 570 2831 adeo
584 2779 657 2831 sunt
671 2766 775 2842 muita,
791 2765 953 2850 loquacem

90 2851 261 2916 Delossare
276 2851 380 2917 valent
396 2852 535 2917 Fabium.
582 2852 632 2917 Ne
647 2863 679 2917 te
696 2874 806 2927 morer,
820 2850 903 2927 audi,

91 2936 172 3013 Quo
186 2960 252 3001 rem
265 2937 424 3003 deducam.
470 2938 504 3003 Si
520 2936 590 3023 quie
604 2938 704 3014 Deus,
722 2936 773 3001 Eo
788 2959 858 3025 ego,
874 2935 965 3014 dicat,
990 2940 1030 2999 15

88 3023 167 3087 Jom
181 3024 291 3088 faciam
305 3024 388 3108 quod
404 3023 514 3089 vultis:
539 3024 598 3088 eris
612 3035 657 3100 tu,
674 3023 728 3109 qui
743 3023 833 3088 modo
847 3021 946 3099 mileo,

89 3108 275 3173 Mercator:
299 3120 332 3174 tu
348 3110 504 3175 consultus
519 3110 609 3174 modo
624 3110 771 3174 rusticus:
794 3109 868 3173 hinc
882 3131 945 3186 voe,

87 3198 161 3261 Vos
177 3194 249 3261 hinc
263 3196 387 3260 mutatis
401 3195 549 3261 discedite
563 3195 718 3281 partibus:
741 3193 808 3260 eia!

89 3279 185 3355 Quid
200 3279 311 3346 statis?
334 3281 453 3349 Nolint.
480 3361 483 3366 Ι
500 3281 599 3367 Atqui
614 3281 688 3346 licet
701 3303 768 3346 esse
783 3280 891 3366 beatis.

91 3365 185 3441 Quid
201 3389 300 3432 cousae
314 3379 370 3445 est,
387 3367 497 3433 merito
512 3368 588 3452 quin
602 3365 663 3431 iliis
677 3367 801 3453 Jupiter
815 3365 919 3431 ambos
988 3367 1029 3425 20

89 3452 200 3519 Iratus
213 3452 324 3519 buccas
337 3453 435 3531 inflet,
451 3476 554 3539 neque
568 3475 601 3517 se
615 3453 680 3518 fore
695 3452 822 3539 posthac

90 3538 181 3603 Tum
195 3538 318 3603 facilem
331 3539 422 3617 dicat,
439 3541 516 3605 votis
532 3552 566 3605 ut
579 3538 714 3625 praebeot
728 3535 859 3603 aurem?

91 3622 266 3705 Praeterea,
282 3647 321 3691 ne
336 3626 390 3705 sic,
406 3636 441 3691 ut
455 3625 509 3711 qui
519 3624 679 3711 joculario,
695 3623 797 3687 ridens

801 3725 823 3767 B
