2442 4059
179 260 244 328 ,⁶224
501 265 787 331 ΙΙ11’1“11111’111Υ1Ἀ’110.
1025 262 1124 327 [emor.

183 419 274 479 generis
283 419 346 465 cibos
356 416 452 472 aerina,
463 416 564 477 perferre
575 431 669 477 possum
685 424 780 477 propter
795 430 881 474 aerem,
892 414 932 474 qui
944 419 1122 465 concoctionem

179 487 253 547 juvat,
265 494 289 529 et
300 491 393 544 propter
401 481 534 540 frequentes
549 485 592 527 sub
603 481 656 527 divo
666 481 847 527 ambulationem
864 489 944 527 contra
954 496 997 541 per
1008 483 1123 539 hiemem,

184 564 256 610 quum
267 562 375 607 magnam
386 546 433 591 diei
444 555 533 606 partem
544 553 672 593 contractus
683 547 732 608 lego
748 543 821 606 (Epp.
831 546 853 602 1,
863 544 885 600 7,
897 544 946 604 12),
957 546 1041 593 vinum
1050 564 1123 609 gene·

184 629 259 661 rosum
275 614 300 672 (a
317 614 367 658 loco
384 619 408 657 et
424 608 482 671 vite)
499 626 526 657 ac
542 613 590 659 lene
606 608 646 671 (ab
663 619 731 657 atate
748 618 772 656 et
788 611 881 670 sapore)
894 612 995 669 requiro,
1007 614 1075 671 quod
1085 614 1124 659 rel

184 692 276 725 mecum
292 678 418 738 apportabo
436 676 473 720 vel
490 674 522 721 ibi
540 690 633 736 quoque
650 676 765 735 reperiam
782 675 807 720 in
823 675 870 720 alii
884 675 977 734 regione
995 685 1090 737 natum,
1108 692 1123 723 a

183 730 279 804 piopoli
298 740 477 801 empturus.'·-
489 736 636 801 [adcredere]
658 739 771 786 ‘eredere
790 747 883 800 propter
900 740 925 785 id
946 740 1032 800 ipsum,
1057 743 1123 801 qnod

182 816 208 854 tu
217 807 305 853 sincere
317 806 373 852 mihi
386 819 488 864 expones
497 820 576 852 rerum
586 805 679 851 illarum
689 804 792 851 statum!
1117 802 1121 809 '

214 870 316 925 25-27.
335 867 459 931 [Meuius]
487 870 566 920 Quum
588 884 612 915 se
633 884 675 929 per
694 872 774 929 J'ocum
793 877 819 914 ut
841 867 975 914 deliciarum
993 870 1122 917 admodum

184 936 294 995 cupidum
304 950 331 981 ac
342 950 413 995 prope
424 934 569 980 luxuriosum
581 933 745 994 descripsisset,
756 933 849 995 subJ'Icit
863 932 965 993 lepidam
982 935 1013 980 tle
1032 936 1122 981 licerio

183 1000 389 1060 narratiunculam,
407 1000 453 1059 qui
473 1000 571 1045 delectet
594 998 753 1046 Numenium:
781 998 929 1052 ‘Nimirum’
950 999 1035 1058 inquit,
1060 1002 1122 1059 ‘ego

183 1080 235 1111 sum
246 1079 317 1125 prope
329 1064 411 1111 similis
424 1064 503 1109 Maenii
520 1064 596 1119 illius,'
614 1064 643 1109 de
660 1078 706 1122 quo
717 1062 770 1109 vide
782 1064 829 1109 Sat
841 1063 863 1118 l,
877 1062 898 1118 l,
911 1062 964 1119 101,
972 1075 999 1109 et
1010 1064 1032 1120 l,
1044 1065 1069 1120 3,
1080 1065 1121 1112 21.

182 1126 323 1191 —[certum
361 1126 443 1189 oesepe]
460 1128 546 1175 comice
557 1143 598 1188 pro
610 1129 698 1174 mensi.
1040 1134 1049 1153 ·

215 1196 253 1251 28,
270 1196 309 1243 29.
339 1190 482 1255 impransus]
505 1196 592 1252 ‘quum
610 1192 724 1238 esuriret)
734 1215 768 1226 —
779 1189 860 1253 [ciuem
877 1194 1021 1252 dignosceret
1041 1191 1120 1255 insu]

182 1258 208 1306 id
228 1269 271 1315 est,
289 1260 386 1319 antiquo
407 1258 545 1317 significatu,
565 1257 718 1317 ‘peregrine'
731 1282 763 1291 -
775 1254 906 1318 [opprobrio
920 1254 1024 1319 fingere]
1051 1259 1121 1305 ‘licta

181 1324 279 1371 crimina
289 1324 313 1369 in
324 1324 425 1383 aliquem
436 1322 555 1369 conferre!

214 1390 252 1437 30.
270 1386 399 1451 [Pernicies
416 1395 439 1435 et
459 1384 590 1448 tempestas]
619 1386 713 1433 comica
731 1387 788 1433 herc.
816 1385 892 1433 Plaut.
915 1387 981 1445 Capt.
1002 1386 1026 1441 i,
1048 1388 1073 1443 3,
1093 1388 1119 1445 3,

185 1455 276 1505 &moto
293 1456 373 1514 pernis
393 1454 464 1513 pertis
484 1454 576 1499 veniet!
603 1458 690 1513 quanto
708 1454 770 1498 luber
791 1447 1051 1513 luridoi—[maceili]
1077 1453 1118 1499 nbi
1202 1485 1203 1490 ,

182 1519 284 1573 obsonia,
294 1518 368 1577 pisces
379 1526 403 1563 et
414 1532 466 1563 caro
476 1518 642 1563 vendebantur.

213 1583 315 1631 32-34.
334 1578 601 1644 [nequitiaefcutoribur]
621 1580 671 1636 ‘iis,
688 1580 727 1640 qui
745 1588 839 1641 propter
856 1580 1043 1640 qualemcunque
1061 1596 1116 1627 can·

181 1662 239 1703 sam,
259 1646 355 1693 fortasse
372 1648 408 1693 vel
420 1649 500 1707 jocum
518 1654 655 1706 quaerentes,
671 1645 780 1691 favebant
796 1644 890 1700 Maenio,
908 1645 997 1691 homini
1016 1661 1118 1706 nequam

181 1714 277 1772 ejusque
295 1712 409 1758 similibus
427 1712 525 1757 scurris?
536 1735 569 1745 —
580 1708 689 1772 [potinus
704 1712 807 1756 coeoobnt
820 1706 901 1770 oncri]
919 1710 1001 1756 ‘Tunc
1015 1710 1088 1770 igitur
1097 1711 1117 1759 si

181 1776 283 1821 nummis
294 1778 393 1833 carebat,
411 1784 470 1822 totos
481 1776 572 1837 patinas
588 1774 668 1829 omasi,
682 1774 787 1821 intestini
798 1774 886 1829 bubuli,
903 1781 926 1819 et
936 1775 1013 1820 carnis
1024 1777 1118 1834 agnina

181 1842 319 1894 devorabam
336 1841 398 1901 quod
409 1856 482 1899 quum
493 1840 586 1896 faceret,
604 1842 633 1886 de
644 1840 729 1885 vilibus
739 1839 796 1886 cibis
806 1839 840 1884 itu
850 1853 874 1885 se
885 1839 1063 1887 consolabatur.'

212 1904 315 1953 35-39.
333 1901 472 1967 [Nimirum]
490 1906 569 1951 ‘Talis
579 1904 687 1951 videlicet
702 1919 745 1963 ego
764 1919 856 1963 quoque
872 1918 932 1959 sum,
941 1912 966 1949 et
976 1904 1030 1963 quis
1041 1919 1089 1951 non
1098 1904 1117 1950 i'

179 1993 212 2003 -
224 1967 338 2031 [unctius]
357 1970 471 2025 ‘lautiuq’
489 1977 514 2015 ut
526 1971 586 2030 Epp.
601 1970 622 2026 l,
635 1969 673 2030 lt,
683 1968 722 2015 21.
735 1968 773 2025 17,
786 1969 823 2016 12.
833 1993 866 2002 -
877 1965 981 2029 [nitidis]
1000 1971 1117 2028 ‘quorum

180 2049 210 2081 ex
228 2034 287 2080 villis
304 2034 440 2095 splendidis,
450 2048 564 2079 marmore
574 2034 733 2090 candentibus,
744 2034 823 2079 statim
833 2032 969 2091 colligimus,
980 2048 1021 2079 vos
1032 2034 1117 2081 divites

179 2114 229 2145 esse
241 2107 265 2145 et
279 2098 374 2159 insuper
389 2107 475 2144 vestras
490 2097 593 2144 fortunas
604 2098 629 2143 in
640 2098 723 2144 iisdem
737 2098 799 2144 villis
810 2101 869 2143 bene
883 2112 910 2143 ac
927 2105 978 2143 tuto
993 2098 1116 2145 collocatas

180 2178 237 2219 esse,
256 2164 339 2210 melius
356 2164 445 2224 utique,
464 2178 534 2223 quam
551 2163 570 2209 si
587 2164 611 2207 in
630 2162 711 2209 fenore
727 2162 808 2223 posite
822 2161 915 2209 essent'
947 2161 986 2208 Sic
1005 2163 1055 2209 Cic.
1074 2178 1117 2224 pro

180 2229 207 2276 0.
219 2230 278 2277 Rob.
290 2230 352 2277 Post.
365 2229 387 2287 1,
391 2225 501 2290 fortunus
510 2225 654 2289 fundator
669 2235 738 2289 atque
748 2230 829 2289 optime
838 2227 972 2291 consolatae
982 2226 1052 2273 dixit.

525 2507 685 2555 uelorum
701 2506 768 2555 XVl.

209 2684 313 2731 Annuus.
331 2683 463 2746 Ambigunt
479 2686 625 2748 interpretes,
643 2693 723 2732 utrum
740 2687 785 2732 hoc
801 2684 934 2745 epistolium
953 2684 1066 2745 scripturn
1085 2684 1117 2733 sit

176 2749 207 2795 ed
224 2749 361 2798 Quinctium
378 2752 504 2813 Hirpinum
523 2750 612 2813 (01.2,
626 2749 676 2811 11),
692 2765 723 2797 an
739 2751 770 2797 nd
786 2751 814 2797 Τ.
826 2750 962 2801 Quinctium
978 2749 1116 2810 Crispinum

177 2813 344 2873 Sulpicianum,
364 2816 511 2863 triumvirum
526 2816 555 2863 Α.
566 2816 601 2863 Λ.
618 2816 647 2862 Α.
665 2816 693 2863 F.
710 2816 745 2872 F,
762 2815 862 2874 Augusti
878 2815 991 2875 aequalem
1009 2813 1116 2874 (Eckbel

177 2876 205 2923 D.
226 2879 256 2923 N.
273 2880 296 2932 b,
314 2894 336 2938 p.
355 2879 423 2941 291),
440 2881 481 2941 qui
497 2882 559 2927 idem
577 2881 669 2928 videtur
687 2895 740 2926 cum
759 2880 787 2927 Τ.
804 2879 914 2930 Quinctio
932 2879 1049 2938 Crispino,
1069 2895 1116 2927 cos.

175 2954 261 2989 ΔΜ.
283 2941 337 2996 745.
372 2946 448 3004 ‘qu
469 2960 529 3006 care,
546 2948 628 2992 beatus
647 2960 706 3002 sum,
725 2958 796 3004 quem
815 2946 845 2990 ad
864 2952 949 2989 statum
967 2944 1022 2989 vitre
1041 2945 1115 2991 cuivis

175 3008 305 3067 optandum
323 3007 385 3053 inter
404 3025 441 3056 res
459 3020 566 3057 externas
585 3011 726 3071 permultum
743 3008 831 3056 confert
847 3009 959 3055 Sabinum
976 3022 1071 3055 meum:
1090 3018 1115 3055 tu

175 3071 231 3117 item
243 3085 305 3128 curu,
317 3079 351 3127 ut,
362 3076 558 3131 quemadmodum
571 3076 675 3127 mereris,
686 3077 767 3121 beatus
778 3074 827 3130 fias,
839 3073 897 3119 illud
911 3070 989 3135 pusilis
1005 3072 1115 3120 σεαυτὸν

175 3135 200 3182 in
217 3136 298 3197 primis
314 3138 384 3197 probe
401 3152 513 3185 exercens
529 3147 599 3199 atque
616 3142 645 3186 sb
662 3135 735 3186 animi
752 3137 962 3199 perturbationibus
979 3137 1081 3183 liberum
1092 3147 1114 3185 te

175 3202 284 3248 servans!
317 3201 438 3248 Jacobsius
454 3204 546 3263 egregie
566 3205 670 3250 defendit
686 3207 773 3250 bonum
790 3203 857 3249 illum
874 3202 1010 3253 Quinctium
1028 3217 1043 3247 a
1057 3217 1114 3249 con·

174 3265 247 3324 viciis,
264 3267 348 3325 quibus
364 3267 466 3312 eundem
482 3268 613 3322 lacerarunt
627 3270 773 3327 interpretes,
791 3276 909 3327 tamquam
927 3275 1031 3326 captator
1044 3266 1115 3314 fuerit

174 3344 236 3377 aurae
253 3331 370 3391 popularis
387 3339 456 3391 atque
471 3334 569 3379 externi
583 3334 659 3393 speeie
670 3333 731 3393 frugi
742 3332 860 3379 hominem
871 3334 1015 3392 probumque
1026 3345 1052 3377 se
1063 3346 1113 3378 esse

173 3394 296 3443 simularit.

207 3458 277 3507 1-u
295 3458 344 3523 [Ne
352 3458 656 3523 perconteris-Scribam]
674 3460 741 3508 ‘Scio
758 3470 851 3521 gratum
862 3459 904 3506 tibi
915 3460 972 3516 iore,
983 3460 1003 3505 si
1014 3459 1112 3506 formem

171 3521 238 3568 fundi
257 3526 301 3570 mei
320 3527 380 3572 ultro
398 3526 440 3573 tibi
458 3525 615 3586 descripsero;
632 3525 711 3586 itaque
728 3528 775 3572 noli
792 3541 829 3586 me
846 3526 914 3571 eide
927 3538 951 3570 re
965 3525 1111 3584 percontari!

169 3586 278 3643 —[Aroo
284 3598 367 3649 poscat
378 3588 468 3653 lerum]
487 3592 547 3637 Nem
557 3588 654 3637 fortasse
667 3600 692 3637 tu
703 3591 777 3637 credis
788 3590 954 3638 fertilissimum
966 3602 1016 3635 esse
1032 3604 1112 3635 meum
