2442 4059
162 248 221 314 150
487 247 770 297 rusciensium.
1030 243 1104 310 [su.

158 401 297 448 ‘tundendo
309 399 440 455 removerit,
452 415 505 446 curn
516 400 538 446 vi
556 399 700 455 ercusmrib'
715 401 812 446 verbum
824 399 894 457 longe
904 397 1021 445 efficacius
1032 413 1105 459 quum

95 464 97 468 ’
160 467 344 526 ejusdemgloss.
356 467 519 525 11111111νί1-
532 459 680 526 [Hymettia]
698 465 816 510 ‘mulsum
832 471 990 524 praeparatum
1004 478 1035 510 ex
1051 465 1106 510 dul·

159 531 252 578 sissimo
263 530 332 576 melle
343 530 421 576 Attico
432 539 457 576 et
467 529 522 575 vino
530 531 718 590 generosissimo,
734 537 812 590 spreto
826 529 903 574 mulso
917 526 992 575 mixto
1007 543 1038 575 ex
1049 528 1107 574 sino

158 603 183 643 et
194 595 262 642 melle
274 594 406 641 communi’
414 619 447 628 —
455 589 535 655 [Foris
545 591 592 656 esi]
605 593 697 641 ‘Abest
706 609 801 654 promus
811 594 908 648 condus,
915 593 1032 649 cellerius,
1043 593 1105 639 sdeo

159 668 187 706 ut
197 660 304 706 meliores
313 660 375 705 cibos
387 659 429 705 tibi
440 675 470 705 ex
481 674 543 720 penu
555 673 663 720 promere
673 661 711 706 vel
722 657 830 705 obsonari
841 659 991 718 nequesb’·—
998 653 1103 719 [airam]

161 734 188 770 ut
197 725 241 770 Od.
251 723 325 784 1117,
337 724 376 778 18,
386 731 437 772 ater
445 726 686 771 Hadriaaae—sioas:
703 725 782 770 ‘msre
793 723 895 782 agitatur
905 723 1020 782 procellis,
1031 736 1106 783 prop·

161 797 197 835 ter
208 804 266 844 auus
277 803 347 834 nemu
358 804 421 835 nunc
432 789 515 849 piscari
526 789 618 849 potest!
628 813 661 823 --
673 785 782 850 [hiemat]
795 785 946 850 χειμάζεται.

195 854 295 900 18-22
313 850 474 916 [haerentem]
493 857 578 901 iratam
594 861 699 900 ventrem
716 862 783 900 vocet
797 854 878 908 81112,
892 853 914 905 8,
927 854 951 899 b.
961 876 993 885 -
1006 847 1104 913 [Unde]

160 919 246 964 ‘Unde
257 919 317 965 effici
329 927 352 964 et
362 919 451 979 acquiri
462 920 506 965 hac
517 927 592 978 putes,
602 926 726 964 attentem
736 918 784 964 vim
794 926 842 963 tam
853 918 931 962 tenuis
942 925 965 963 et
977 917 1029 962 vilis
1037 916 1104 962 cibus

159 982 311 1030 hebesti’-
322 980 358 1044 [in
375 1000 427 1030 caro
442 980 534 1045 nidore]
554 985 636 1042 ‘grato
652 984 727 1041 odore,
739 991 763 1029 ut
781 998 810 1029 ue
828 981 909 1045 ὄρεξιν
925 981 1051 1037 excitante,
1063 981 1105 1040 qui

160 1062 190 1094 ex
206 1049 263 1094 cibis
280 1046 387 1108 pretiosis
403 1048 492 1095 oritur!
523 1048 611 1102 81112,
633 1047 657 1104 7,
676 997 828 1108 sti-ira]
849 1047 896 1093 Cir,
916 1046 959 1092 Od.
980 1045 1001 1097 l.
1021 1047 1046 1100 9,
1066 1044 1104 1092 16.

159 1133 192 1148 ·-
203 1108 383 1175 [pulmentaria]
406 1127 421 1158 a
439 1127 460 1159 v.
479 1113 559 1173 palpa,
579 1127 628 1158 non
646 1114 717 1173 palie,
740 1112 836 1158 absonis
855 1120 972 1170 9111111-
983 1106 1106 1172 [pinguem

159 1176 235 1240 uitiis]
249 1178 357 1224 ‘luxurie
368 1177 540 1224 tumidum'-
548 1173 640 1239 [albas]
658 1177 721 1224 color
730 1176 833 1223 hominis
845 1177 916 1222 vitem
927 1176 1022 1221 mollem
1032 1184 1105 1233 etque

158 1243 306 1290 umbratilem
328 1242 442 1302 degentis,
464 1238 699 1304 iasaarpapasirae,
718 1242 755 1288 cui
772 1237 918 1303 ἡλιωμένος,
935 1241 984 1286 sole
999 1240 1106 1297 adustus,

159 1308 291 1369 opponitur.
321 1307 358 1354 Sic
384 1307 493 1368 Sulpicia,
515 1308 562 1353 Sei.
587 1307 626 1362 88,
648 1307 678 1352 de
700 1306 842 1361 Domitiano,
867 1307 967 1365 ingluvie
987 1306 1107 1352 albus.-

162 1369 262 1434 [ostrea]
280 1373 428 1431 bisyllabum,
440 1381 466 1418 ut
478 1373 525 1418 Sat.
542 1371 563 1428 l,
582 1373 604 1425 8,
621 1371 660 1427 45,
676 1367 901 1432 cerem—[scaras]
919 1370 988 1430 piscis
1001 1369 1107 1428 ignotus.

161 1436 239 1497 Epod.
259 1439 283 1494 2,
298 1438 337 1494 58,
355 1439 483 1484 sea-bream
502 1433 544 1497 (1).
561 1437 616 1484 Jsm
635 1436 727 1482 Ennius
744 1436 769 1482 in
787 1435 918 1494 Phegeticis
936 1435 999 1495 apud
1016 1435 1104 1494 Appul.

161 1500 229 1562 Apol.
245 1517 267 1561 p.
285 1501 415 1557 4841111111
431 1517 520 1548 scaram
534 1503 646 1561 preterii,
663 1503 778 1548 cerebram
788 1501 846 1547 Jaai'
860 1515 926 1560 pene
942 1501 1062 1560 supremi?
1072 1523 1106 1534 -

163 1563 260 1628 [lagois]
274 1567 289 1592 “
297 1567 353 1612 Avis
364 1566 462 1627 leporini
474 1565 579 1612 colotis.'’
596 1567 683 1626 Porph.
698 1565 854 1626 (Ptemigaa,
866 1581 892 1611 ar
900 1567 968 1612 white
977 1561 1093 1624 grancei)

199 1631 303 1678 23—28.
322 1628 382 1693 [Vix
398 1637 473 1678 tamea
489 1627 597 1692 eripiam]
615 1630 705 1690 ‘AEgre
721 1639 808 1686 tumen,
825 1630 880 1684 scio,
897 1629 1003 1689 quamvis
1020 1626 1106 1675 validis

161 1696 305 1754 argumentis
322 1711 414 1752 usurus,
432 1696 457 1742 id
475 1699 516 1742 ebs
533 1704 556 1742 te
572 1695 690 1748 obtinebo,
707 1704 734 1741 ut
750 1694 856 1755 apposito
873 1695 897 1740 in
913 1695 995 1740 mensi
1013 1707 1105 1753 pavone
1206 1672 1215 1725 *l

161 1760 273 1820 gallinam
291 1760 415 1821 prseierss!
449 1761 553 1806 Pavones
568 1767 647 1806 eutem
665 1761 694 1810 Q.
713 1759 853 1806 Hortensius
869 1760 958 1820 primus
975 1758 1001 1803 in
1016 1757 1106 1804 mensis

162 1839 280 1884 apponere
297 1823 377 1872 docuit
393 1827 563 1872 8011111111.-
574 1821 689 1886 [tergere]
708 1825 796 1872 comice
815 1825 844 1871 de
863 1831 930 1881 grato
948 1837 1039 1883 sapore,
1056 1837 1105 1882 quo

161 1890 266 1949 pelstum
283 1891 487 1950 permulcetur.-
497 1885 573 1950 [uanis
589 1887 678 1951 rerem]
705 1891 799 1936 111011
816 1889 839 1944 4,
858 1889 895 1944 12,
914 1888 951 1944 19,
967 1903 1048 1935 amara
1065 1903 1106 1934 ce·

161 1969 246 2000 raram.
257 1979 290 1990 -
303 1951 405 2016 [pandat
414 1950 556 2015 molossia]
567 1952 687 2014 ‘expansi
694 1954 946 2014 aaudipulcherrimos
954 1968 1009 1999 suos
1017 1952 1110 2000 colores

162 2019 270 2065 ostendat
280 2019 403 2079 spectatori
414 2033 515 2078 eumque
525 2019 641 2064 delecter:
675 2019 806 2066 Construer
823 2026 937 2080 tamquam
947 2020 979 2064 ad
988 2033 1037 2065 rest
1046 2019 1105 2063 aiii·

162 2090 216 2131 neat
232 2085 363 2146 quidquam,
378 2085 432 2144 quia
448 2079 534 2144 (quod)
549 2089 637 2138 aeneai,
648 2083 688 2142 hc.
698 2107 730 2118 -
742 2080 829 2145 [caeto]
843 2084 929 2131 ‘cocto
944 2081 1031 2142 pavoni
1046 2095 1107 2128 uum

161 2159 242 2194 menet
252 2151 333 2196 eadem
345 2147 503 2209 pulchritudo,
514 2163 566 2208 quae
577 2147 654 2194 fueret
665 2148 736 2195 rivoi
754 2149 854 2194 Minime
864 2147 935 2201 sero!
949 2143 1015 2208 [aum
1025 2143 1104 2208 adest]

163 2213 199 2259 De
211 2214 255 2260 hoc
267 2214 332 2260 hiatu
344 2213 498 2272 monosyllabi
508 2213 562 2258 vide
574 2212 709 2270 Schneider,
725 2214 777 2260 Lai.
790 2214 890 2260 Gramm.
901 2212 923 2266 l,
933 2227 956 2272 p·
970 2211 1023 2258 luti

193 2279 299 2326 29—30.
328 2275 520 2340 [Carne-distat
541 2279 608 2338 nihil,
627 2279 672 2324 hac
691 2280 766 2340 magis
785 2280 925 2325 illam-ie
943 2287 1021 2336 petere
1043 2272 1105 2337 esic]

162 2343 290 2392 'Quemvis
301 2345 363 2403 quod
375 2344 404 2389 sd
415 2353 508 2390 curnem
519 2342 603 2389 attinet
611 2356 672 2402 pavo
682 2342 742 2389 nihil
752 2343 824 2389 distet
834 2340 953 2401 agullini,
965 2351 1044 2387 temen
1055 2350 1106 2386 esto

162 2403 219 2466 (hoc
236 2408 278 2454 tibi
296 2405 412 2467 condono)
429 2416 452 2454 te
470 2409 568 2474 externi
584 2406 682 2468 pavonis
697 2407 873 2468 pulchritudine
888 2407 1013 2467 deceptum
1030 2404 1106 2464 magis

162 2479 241 2531 petere
253 2473 322 2533 hujus
334 2487 427 2520 curnem
438 2487 509 2533 qusm
520 2472 628 2532 gellinsec
645 2473 687 2518 sed
697 2473 757 2518 illud
772 2471 876 2533 proiecto
886 2471 1050 2518 stultissimum
1062 2477 1106 2525 est,

161 2535 181 2580 si
195 2536 340 2592 distinguere
357 2537 391 2583 vis
407 2538 475 2598 lupos
491 2538 595 2598 ejusdem
611 2551 706 2597 prorsus
721 2537 802 2583 forme
820 2545 845 2582 et
861 2536 945 2582 coloris
960 2550 990 2581 ex
1007 2534 1105 2581 diversis

161 2607 253 2646 tentum
264 2601 328 2657 locis,
340 2601 380 2648 ubi
388 2603 449 2662 capti
461 2602 531 2648 sunt.⁸
559 2603 618 2648 Esia
628 2608 651 2648 ie
658 2609 745 2663 peiere,
755 2609 782 2648 ut
793 2603 853 2662 lipp.
867 2601 889 2657 1,
902 2601 924 2655 1,
934 2600 974 2655 ut,
985 2601 1043 2647 Esto
1052 2601 1107 2646 odiis

161 2666 219 2710 alias
234 2667 301 2712 rebar
315 2669 440 2728 studiisque
456 2669 536 2714 teneri.
569 2667 691 2727 Corrupto
706 2666 824 2713 lectionis:
840 2668 913 2712 dalei
925 2667 960 2712 nil
974 2667 1018 2711 hac
1032 2666 1108 2725 magis

161 2729 212 2785 tila,
223 2731 353 2790 imparibus
362 2729 446 2792 sormis
462 2733 578 2792 deceptam
591 2738 612 2778 ie
621 2738 695 2792 patei.
722 2733 786 2778 lisia.
820 2730 1028 2790 Interpretstiones
1042 2728 1107 2774 inser

161 2791 219 2838 alies
230 2803 285 2840 sunt
296 2796 345 2844 hae:
366 2797 385 2843 l.
399 2796 531 2846 ‘Quamvis
543 2796 614 2843 distet
630 2810 684 2843 caro
699 2796 792 2855 gullinoe
809 2811 824 2842 e
839 2795 944 2856 pavonis,
963 2803 1042 2841 temen
1058 2806 1107 2839 nou

161 2857 206 2904 hsc
214 2859 288 2917 magis
298 2860 340 2905 illi
351 2861 439 2907 moveri
448 2861 510 2908 dicet
518 2875 581 2922 eum,
588 2862 630 2907 sed
639 2861 718 2908 formis
726 2861 871 2922 imparibus!
882 2861 963 2906 Balbe.
979 2860 1004 2906 2.
1015 2860 1106 2909 Quem·

163 2923 198 2969 vis
214 2923 258 2968 hec
275 2938 344 2970 cerne
356 2923 472 2986 (galline)
485 2926 545 2972 nihil
562 2926 636 2986 magis
652 2926 723 2972 distet
738 2927 780 2972 itte
791 2924 856 2984 (cero
869 2921 1008 2984 pavonina),
1019 2933 1106 2978 temen,
1193 2923 1200 2936 ‘

164 2989 206 3035 ac.
240 2987 310 3034 Nihil
319 2992 391 3050 magis
404 2991 486 3036 Groeco
497 3005 562 3037 more
574 2989 664 3038 dictum
673 2990 762 3051 accipio
772 3005 814 3051 pro
824 2992 896 3036 nihilo
906 2992 988 3049 magis,
999 2983 1072 3034 οὐδέν
1082 3001 1108 3033 rs

162 3050 278 3116 palliove
297 3067 350 3098 nara
362 3057 436 3116 magis
447 3057 534 3103 distare
545 3070 588 3116 pro
598 3058 651 3117 plas
663 3055 708 3101 dici
719 3070 766 3101 uon
777 3069 845 3114 posse
855 3067 920 3115 puto.
939 3054 1057 3100 Matthia.

194 3117 298 3164 31—33,
317 3115 398 3179 [Unde
414 3121 492 3166 datam
508 3118 590 3182 seniis]
609 3121 711 3166 ‘Verum
727 3121 791 3166 unde
809 3119 849 3164 tibi
869 3131 1013 3173 concessum,
1029 3111 1107 3163 iana·

162 3181 209 3230 τὸν
226 3191 269 3236 est,
288 3191 314 3227 ut
331 3196 412 3242 separe
429 3185 566 3245 distingues,
582 3181 789 3246 eat—[apae]
807 3178 916 3246 λάβραξ,
927 3182 1013 3243 (pilea)
1032 3180 1106 3227 Lucil.

162 3248 210 3293 Sat.
220 3249 243 3303 4,
257 3248 323 3294 Illam
335 3250 423 3294 sumina
434 3251 546 3296 ducebant
557 3257 627 3311 atque
636 3251 735 3297 allidam
747 3251 809 3305 iane,
821 3249 891 3294 Hanc
897 3255 979 3308 paules
989 3243 1105 3293 Tiberim*

161 3313 205 3359 das
223 3314 284 3360 iniar
306 3312 382 3372 capia’
399 3315 483 3360 catillo.
518 3315 547 3359 In
569 3315 626 3375 lupo
645 3314 718 3374 igitur
735 3313 781 3360 tris
800 3313 889 3372 separis
906 3327 993 3372 genere
1021 3310 1106 3356 distin·

141 3435 144 3440 ,
161 3379 265 3434 guebsnt
281 3378 395 3432 lurcones,
414 3378 572 3437 lupos'csptos
584 3379 647 3424 inter
657 3381 716 3424 duos
726 3388 817 3438 pontes,
836 3377 861 3422 id
877 3386 921 3432 est,
940 3375 1065 3423 sublicium
1081 3383 1107 3420 ei

161 3443 310 3499 senatorium,
330 3442 461 3500 interque·
473 3442 557 3488 Cloacs
573 3443 677 3489 maxima
692 3444 772 3490 sordes
787 3443 892 3501 entique
908 3441 973 3487 urbis
987 3438 1106 3499 egerebat,

161 3504 246 3562 quibus
265 3508 339 3566 pisces
359 3507 527 3561 alliciebantur,
544 3507 582 3552 iel
599 3505 661 3552 inter
680 3507 805 3554 sublicium
823 3517 848 3552 et
867 3505 1016 3558 Fabricium
1039 3504 1109 3563 lupos

160 3577 238 3628 captos
247 3572 278 3618 ed
287 3571 378 3619 Tiberis
389 3570 461 3625 11111111
473 3569 497 3616 in
509 3570 556 3616 alto
568 3569 635 3627 meri,
643 3569 686 3631 qui
695 3572 791 3632 pessimi
802 3578 876 3618 eraut.
884 3595 917 3605 -
926 3567 997 3632 [iia]
1011 3571 1026 3594 ‘⁴
1032 3567 1109 3630 piem

596 3805 617 3834 X
