2442 4059
162 256 228 320 200
493 254 777 303 ruraarnarsno.
987 246 991 251 ’
1011 254 1116 320 [nnc.

195 408 268 462 4-7.
286 404 381 469 [itsrum
399 403 487 469 Tauro]
506 407 533 454 T.
552 405 644 453 Statilio
655 408 733 453 Tauro
750 406 783 454 11.
795 422 848 454 cum
861 407 966 466 Augusto
977 406 1051 454 VIII.
1062 424 1109 454 cos.

165 485 190 519 a.
198 485 250 519 rac.
262 473 316 529 728.
325 498 355 508 -
364 468 473 533 [ditiora]
483 486 512 517 er
521 472 589 518 doliis
600 472 626 517 iu
635 474 713 530 cados,
723 473 786 519 uude
795 475 879 520 doliori
888 472 1016 532 opponitur
1026 473 1109 519 vinum

165 538 279 597 diffusum
312 536 400 583 Vinum
417 536 489 596 igitur
505 537 550 583 hoo
563 545 614 583 erat
631 537 735 597 quinque
753 552 877 592 annorum,
893 553 935 597 pro
951 537 1037 583 Italico
1053 539 1110 584 satis

164 617 253 658 recena,
262 603 295 648 lta
304 612 391 655 tamen,
402 608 428 646 ut
438 602 463 648 iu
471 601 571 662 simplici
579 602 706 648 domoslne
716 602 795 648 nimia
805 602 953 663 parcimonia
964 617 992 648 ac
1002 602 1109 648 sordIum

164 667 343 727 reprehensione
351 665 453 712 convivis
462 668 547 726 apponi
556 675 641 727 posset.
673 667 808 723 mnium,
820 670 983 713 Auruncorum
994 668 1110 727 oppidum
1209 671 1210 676 ’

164 733 194 778 ad
205 731 264 778 ostia
277 732 336 778 Liris
347 732 378 787 il..
392 745 407 776 a
421 746 468 791 quo
484 732 592 779 Sinuessa
608 732 709 778 illstabat
727 743 762 778 rx.
773 747 806 779 m.
818 748 840 792 p.
874 733 983 778 Petrinus
994 747 1064 777 mons
1074 740 1110 791 est

166 797 313 843 Sinuessanis
325 796 413 843 civitati
429 796 554 842 imminens
570 798 606 843 rel
623 811 679 855 ager
695 796 812 843 Sinuessa
827 796 922 843 vitinus.
941 798 1024 843 comm.
1040 798 1108 858 Cruq.

167 862 245 908 Hodie
256 862 330 907 Itocou
346 863 370 908 cii
387 868 459 907 monta
473 862 570 922 Rogoni.
595 861 764 909 Sinuessanum
780 871 857 908 autern
874 860 954 907 vinum
972 860 1110 907 melioribar

166 926 370 979 adnumerabatur,
381 940 429 971 non
440 935 518 971 tamen
530 926 633 986 optimis,
642 926 749 981 Falerno,
758 927 865 980 caecubo,
874 926 962 981 Setino,
975 926 1109 973 Formiano.

167 990 281 1051 (Martial.
296 990 334 1048 1³,
347 990 390 1037 lll
404 999 426 1036 et
440 988 505 1051 11³.)
516 1016 550 1025 —
562 989 615 1054 [St]
628 991 669 1036 ‘si
681 990 738 1050 quid
754 992 838 1037 melius
849 991 896 1036 vini
913 992 993 1045 habes,
1006 1005 1050 1051 per
1060 1006 1109 1037 ser-

165 1056 246 1102 vulum
263 1057 292 1111 ad
309 1070 347 1101 me
363 1055 507 1101 afferendum
518 1056 589 1103 cura!
622 1057 744 1103 Arcrstsra
755 1072 802 1103 rem
812 1066 873 1102 recte
884 1056 930 1101 dici
943 1066 1005 1115 patet
1017 1070 1049 1101 ex
1060 1056 1108 1102 Cic

166 1122 197 1167 ad
209 1124 256 1168 Att.
269 1120 306 1176 16,
323 1121 360 1177 11,
372 1119 421 1181 rjus
437 1121 519 1166 librum
533 1123 648 1168 arcessivi.
659 1145 692 1154 -
703 1119 833 1183 [imperium
843 1117 897 1182 sar]
915 1122 994 1179 ‘quod
1009 1121 1037 1166 in
1054 1136 1110 1166 eon·

165 1185 229 1232 vivas
250 1186 422 1245 quodammodo
442 1188 565 1231 exercebat
589 1185 698 1232 dominus
719 1182 1006 1246 convivii'—[splcadst
1027 1182 1108 1245 sosas]

167 1250 239 1297 Lares
256 1251 297 1296 tali
316 1250 354 1297 die
371 1253 521 1310 tergebantur
535 1252 596 1307 ceri,
615 1251 688 1311 fuligo
705 1249 750 1297 foci
767 1252 923 1296 amovebatur.
934 1274 969 1285 —
979 1247 1052 1311 [tibi]
1070 1251 1109 1295 ‘in

165 1315 278 1361 bonorem
290 1315 372 1362 tuum!

199 1380 286 1427 8-10.
313 1376 408 1442 [Mitte]
428 1378 539 1426 ‘Omissis
558 1373 666 1426 omnibus
683 1380 752 1434 curlo,
769 1395 822 1439 qua
839 1380 915 1426 solent
930 1379 1020 1437 agitare
1036 1379 1107 1425 sitam

166 1443 294 1491 humanam
312 1446 373 1491 iuter
391 1460 443 1504 apes
459 1445 597 1504 plerumque
615 1444 709 1491 fallaces
728 1446 841 1491 honorum
861 1453 884 1490 et
903 1446 1008 1490 studium
1025 1446 1106 1503 opibus

167 1510 226 1556 alios
236 1510 377 1569 'superandi'
388 1534 421 1544 -
433 1508 546 1569 [Moschi]
556 1511 571 1535 “
579 1510 624 1555 Hic
638 1510 793 1567 Pergamenus
803 1510 848 1555 iuit
864 1509 943 1555 rhetor
959 1509 1107 1563 notissimum

167 1588 221 1619 reus
233 1574 340 1620 veneficii
351 1574 403 1630 fuit,
415 1576 480 1635 cujus
491 1588 584 1621 causum
600 1589 631 1620 ex
648 1572 730 1634 primia
746 1583 802 1621 tuno
815 1582 918 1620 oratores
929 1582 1037 1633 egerunt,
1047 1574 1107 1619 'Ior-

168 1646 252 1698 quatus
264 1639 301 1684 bic
312 1647 336 1685 et
347 1639 442 1685 Asinius
454 1639 551 1685 Pollio.”
568 1641 653 1699 Posui.
687 1639 785 1686 Videtur
795 1648 846 1685 tota
855 1637 901 1685 ista
911 1654 981 1685 causa
992 1640 1109 1698 rorqmto

166 1700 211 1763 ipsi
228 1703 329 1750 difficilia
345 1704 416 1750 fuisse
432 1712 456 1751 et
474 1702 695 1765 molesta-[nuto
713 1701 815 1765 Carere]
833 1704 871 1750 stc
890 1705 952 1750 nude
969 1704 1058 1749 dictum
1069 1704 1112 1750 rix

167 1767 235 1814 aliter
250 1768 351 1828 intelligi
368 1776 443 1828 potest
460 1783 530 1828 quam
549 1783 602 1814 cum
620 1770 711 1815 comm.
729 1770 800 1828 Gruq.
817 1769 846 1814 (le
866 1769 904 1814 die
921 1769 995 1814 natali
1013 1768 1111 1815 cunis

170 1832 280 1891 Augusti,
294 1834 334 1892 qui
350 1833 433 1880 incidit
450 1834 475 1879 in
488 1846 540 1880 xiv.
553 1834 605 1879 Kal.
619 1835 711 1880 Octobr.
724 1833 767 1892 (211
777 1835 800 1880 d.
813 1831 927 1893 δεμ)-
936 1830 1000 1893 [Dat
1011 1830 1109 1893 maian]

168 1904 192 1942 at
204 1908 297 1956 propter
308 1897 410 1955 Augusti
422 1896 511 1944 natales
523 1907 546 1943 et
557 1898 613 1957 quia
624 1906 674 1944 erat
685 1897 722 1958 (ut
733 1898 803 1945 estin
816 1898 872 1944 Kal.
887 1899 950 1944 Mali.
963 1899 980 1944 l.
992 1899 1007 1944 Ι.
1017 1913 1040 1958 p.
1052 1898 1110 1952 3911,

167 1969 191 2007 et
202 1976 224 2021 p.
235 1957 293 2018 407)
307 1962 336 2009 N.
349 1963 374 2007 P.
388 1960 428 2021 (:
438 1962 540 2009 nefastus
550 1961 639 2023 prior);
657 1964 734 2024 priore
748 1963 822 2023 igitur
838 1963 884 2010 diei
900 1971 965 2023 porte
979 1963 1019 2023 jus
1033 1963 1080 2009 diti
1095 1977 1111 2009 a

168 2033 266 2087 praetore
278 2041 324 2073 non
335 2034 433 2087 poterat.

202 2091 303 2138 ll-lt.
322 2088 442 2154 [benigno]
460 2092 549 2137 ‘multo
560 2100 584 2138 et
594 2092 685 2139 liberali
696 2100 720 2139 at
735 2093 809 2139 faceto
820 2094 939 2141 ostenden
950 2088 988 2153 (ut
1000 2106 1027 2139 er
1038 2092 1110 2152 gloss.

168 2155 257 2202 habent
278 2157 345 2204 codd.
368 2156 467 2215 multi):
494 2157 519 2202 id
541 2164 584 2211 est,
607 2172 681 2217 usque
703 2157 732 2204 ad
753 2160 804 2218 ejus
826 2158 896 2203 tinem
917 2157 1028 2217 exigere}
1071 2157 1111 2203 Sia

169 2218 259 2268 τείνειν
276 2218 408 2270 viarm-
419 2219 484 2283 [an
500 2224 555 2269 milri
564 2219 692 2282 fortunam,
707 2220 740 2285 si]
758 2223 831 2270 Solita
847 2231 883 2268 est
899 2222 948 2267 bac
961 2222 1052 2269 Larino
1069 2236 1111 2267 er·

168 2286 283 2342 clamatio,
295 2289 358 2333 velut
368 2296 463 2347 propter
472 2288 589 2347 loquentia
603 2286 774 2347 impetiendam
789 2301 817 2333 aa
833 2286 1014 2342 festinationem,
1025 2286 1110 2332 omisso

168 2352 239 2397 verbo
256 2359 335 2411 optem,
354 2368 471 2414 quaromr
488 2368 539 2414 qao,
556 2352 604 2398 dat.
614 2353 689 2411 antiq.
698 2354 759 2413 quoi,
771 2350 912 2411 ‘quorsum'
941 2351 1010 2397 ovid.
1023 2352 1110 2405 Ama,

171 2414 208 2470 19.
219 2414 242 2470 7.
257 2417 305 2466 Quo
315 2418 371 2463 milri
375 2414 502 2477 sorianum,
514 2432 564 2478 qoae
575 2433 688 2478 anaqam
691 2414 777 2477 saliare
787 2419 869 2464 caret?
903 2416 938 2462 De
951 2415 1039 2462 divitiis
1050 2426 1111 2461 cera

170 2478 262 2525 Horatii
274 2482 375 2540 aquales
386 2482 555 2541 intelligebant,
572 2496 619 2527 non
637 2489 663 2528 ut
677 2482 833 2528 recentiorum
849 2480 963 2535 nonnulli,
980 2481 1011 2526 de
1025 2495 1110 2540 copo·-

169 2544 227 2589 tuni
248 2545 343 2591 latendi
366 2543 651 2607 occasione.-[Assidst
670 2543 763 2607 insano]
787 2546 878 2597 ‘Quasi
902 2545 1007 2592 consulto
1034 2546 1112 2592 locun

168 2616 265 2667 occupat
282 2609 365 2656 insano
385 2609 526 2669 proximum,
544 2612 644 2669 ideoque
663 2611 686 2657 ei
705 2608 893 2672 παραπλήσιος,
910 2610 1042 2656 simillimus
1062 2610 1111 2657 est'

171 2671 222 2717 Hac
232 2673 320 2732 tropici
331 2674 500 2733 significatione
512 2675 603 2722 ridetur
614 2670 685 2729 ἅπαξ
694 2674 722 2722 λε
740 2673 840 2738 iutro»,
852 2676 976 2722 formatum
988 2675 1020 2720 ad
1030 2676 1111 2722 anal(-

168 2735 231 2794 giam
244 2750 266 2783 v.
278 2740 388 2787 dissidere
399 2742 429 2786 ab
440 2742 562 2801 1119111-
572 2737 723 2801 [inconsultas
754 2745 769 2766 “
778 2741 825 2791 Qui
836 2740 931 2787 liberius
943 2749 966 2785 et
977 2739 1111 2787 dissolutius

169 2814 194 2845 ae
205 2799 293 2847 laelitiae
304 2804 406 2859 tradunt,
416 2804 459 2865 ipsi
471 2801 582 2863 sesurcra
593 2801 650 2866 (od.
659 2806 682 2861 2,
694 2803 716 2861 7,
727 2802 780 2865 28),
791 2808 893 2866 desipere
905 2803 994 2867 (01.4,
1009 2804 1048 2860 12,
1060 2804 1110 2863 282,

170 2864 295 2927 (μανῆναι
307 2868 512 2923 monumnenta,
526 2866 575 2931 lt),
587 2870 647 2916 velle
657 2870 748 2916 aiunt.”
780 2872 892 2932 Doariug.

205 2929 305 2977 16-20.
323 2930 452 2997 [designat]
482 2937 603 2995 designare
625 2936 795 2990 ‘constituere,'
817 2935 914 2981 deinde:
946 2934 1112 2981 ‘constitutum
1200 2982 1205 2991 ,

169 2994 275 3055 exsequi,
295 3007 387 3055 patrare
396 2997 410 3052 ;'
428 3014 475 3059 quo
492 3014 536 3046 usu
554 3000 674 3046 invenitur
694 3000 757 3060 apud
769 3001 863 3047 Terent.
876 3000 921 3045 Ad.
941 2998 962 3053 l,
980 2999 1003 3055 2,
1021 2997 1044 3054 7,
1063 3015 1112 3047 aaa

169 3061 218 3116 illo,
229 3075 279 3121 qua
295 3070 348 3108 autu
360 3064 402 3108 hoc
409 3061 478 3120 sacto
488 3070 548 3118 suut.
562 3065 662 3112 Omitto:
678 3066 741 3112 modo
752 3067 808 3126 quid
817 3066 965 3125 designauit!
981 3064 1022 3109 ubi
1035 3064 1111 3110 Dona

170 3133 222 3171 tua:
247 3126 381 3185 ‘designare
401 3136 436 3172 ent
455 3143 504 3174 rem
523 3143 607 3175 novam
629 3128 711 3190 (atque
734 3128 862 3189 insignem)
884 3128 959 3175 iacere
977 3128 1003 3173 in
1023 3137 1110 3175 utram·

170 3204 215 3248 qua
227 3200 325 3250 partem,
340 3198 364 3236 et
375 3193 459 3238 bonam
475 3201 498 3240 et
513 3194 615 3239 malam’
649 3195 692 3241 Est
707 3194 792 3253 igitur:
812 3195 979 3240 ‘Confidenter
995 3192 1075 3239 ebrIus
1092 3208 1111 3241 ε

169 3254 241 3301 sentit
260 3254 362 3311 etfacit,
382 3271 435 3315 quas
452 3257 525 3303 siccus
542 3257 581 3303 vix
599 3255 872 3320 auderet’-[Opcrto]
888 3266 989 3304 secretos
1005 3265 1030 3304 at
1047 3272 1111 3305 veros

168 3333 249 3365 sensus
260 3319 454 3380 convincimini,
465 3321 506 3380 qui
517 3322 574 3367 alias
589 3337 629 3369 eos
646 3324 770 3371 difficulter
785 3338 838 3370 cum
856 3324 909 3369 aliis
924 3322 1112 3369 communicarat

168 3381 329 3447 -[iarrtcm]
348 3388 363 3411 ‘⁴
372 3385 429 3431 alias
445 3386 556 3444 ignavum
573 3401 599 3431 ac
616 3388 757 3443 timidum;”
774 3386 842 3449 (Tac.
855 3388 915 3434 Htst
935 3387 956 3441 l,
973 3386 1014 3442 46,
1032 3387 1116 3435 Iam

166 3461 211 3505 pro
225 3455 339 3497 strenuo
358 3452 382 3498 irs
398 3451 536 3510 manipulum
547 3450 697 3511 redibat.)-
708 3450 815 3515 [addocet
831 3449 906 3514 ortes]
923 3451 1005 3511 poesin
1021 3459 1046 3497 et
1064 3452 1118 3497 elo-

169 3512 297 3569 quentiam,
309 3516 364 3561 dum
376 3515 463 3562 excitat
474 3513 603 3573 ingenium.
611 3540 644 3550 -
653 3514 780 3577 [Facundi]
798 3518 900 3577 ‘copiosi
919 3527 942 3563 et
959 3517 1117 3571 abundantes,

170 3573 209 3632 qul
220 3588 311 3635 temper
319 3594 333 3625 a
342 3580 459 3639 pincernis
468 3578 809 3642 repleantur.'—[Controctt]
823 3583 907 3637 ι11111,
915 3581 1031 3639 angusti]
1040 3581 1116 3626 Sciat.

167 3659 197 3671 ·—
209 3633 330 3704 [solutum]
346 3644 354 3669 ‘
363 3646 392 3691 ab
404 3645 511 3691 omnibus
522 3642 568 3689 illia
578 3647 647 3704 quasi
657 3645 764 3702 amenus,
775 3646 862 3706 quibua
872 3660 934 3692 cura
947 3660 989 3693 nos
999 3645 1116 3692 onomat·
