2442 4059
165 242 231 307 230
495 240 775 291 ruranruarsrro.
1009 240 1108 305 [mss.

166 392 239 440 tute.”
253 392 335 441 Cessas.
345 389 555 455 (ln—[Neforte]
568 394 614 441 ‘Ut
622 408 652 439 ne
663 402 821 453 pervertamus
831 399 926 439 etatum
933 396 1107 457 χαρακτῆρας,

166 458 268 505 studiose
279 460 308 504 ad
320 467 426 505 naturam
441 458 515 517 ipsam
531 474 571 505 eos
584 458 795 505 describemus’—
807 458 835 503 V.
846 474 892 504 aeoo
902 459 933 504 ad
944 469 1073 519 utrumque
1085 474 1107 505 r.

166 522 281 586 edjanmh
293 521 357 581 (τοῖς
367 518 563 583 παρακειμένοις,
573 521 693 583 propriis),
703 532 727 569 et
736 525 797 583 aptis
807 523 915 583 pertinet.

200 587 333 642 lto-181.
365 584 418 648 [aut
437 595 490 635 octa
511 585 622 649 refertar]
653 588 681 633 ln
703 588 821 647 tragoediis
842 587 937 643 Graecis,
960 603 1014 647 quse
1035 596 1107 635 extra

166 667 258 699 scenam
276 662 396 711 geruntur.
416 662 442 698 ut
462 654 586 711 Antigone
607 652 773 712 Hamouisque
791 667 853 697 mora
873 654 936 711 apud
956 654 1106 712 Sophoclem,

165 732 250 777 pugna
265 717 341 763 esitus
353 716 376 761 in
391 716 508 777 Euripidis
524 717 679 778 Supplicibus,
698 719 728 762 sb
743 713 851 779 ἀγγέλῳ,
868 732 921 775 quae
937 732 998 777 pone
1009 732 1107 763 scenam

165 781 190 826 in
202 783 273 839 regia,
285 790 310 827 ut
321 790 407 827 mortes
419 782 550 841 Eurydica,
566 782 672 839 Jooastae,
688 781 812 838 Deianira,
823 783 852 827 ab
865 778 993 844 όξαγγέλιρ
1003 782 1106 829 facunde

165 843 469 924 narrantur-[Segnius]
493 847 537 892 Est
555 846 628 893 veluti
645 845 792 905 proverbium
805 848 855 906 J'am
873 848 937 905 apud
957 848 1107 893 Herodotum

167 910 188 965 1,
200 911 224 969 8,
239 910 292 957 ὦτα
310 908 358 972 γὰρ
374 926 497 973 τογχανει
512 907 683 973 ἀνθρώποισιν
697 907 773 957 δόντα
789 907 943 972 ἀπιστότερα
955 908 1105 974 spontem.

164 998 197 1008 —
207 972 339 1037 [fidelibus]
359 976 456 1035 ‘quibus
468 974 565 1035 quisque
578 974 707 1022 necessario
720 976 790 1021 fidem
802 976 887 1021 babet!

200 1039 332 1086 lut-188.
355 1037 429 1101 [intus
444 1037 595 1102 Dignogeri]
618 1039 703 1100 partim
724 1040 786 1085 stada
803 1050 827 1086 et
843 1037 936 1091 atrocia.
957 1055 1011 1099 quse
1030 1039 1106 1087 nimio

164 1103 259 1151 horrore
270 1119 297 1150 ac
309 1113 395 1151 terrore
412 1114 563 1165 spectatorem
579 1106 706 1160 afficerent,
720 1104 805 1165 partim
816 1103 969 1161 incredibilia,
987 1114 1015 1149 ut
1026 1113 1105 1151 trans·

164 1168 313 1216 formationes
324 1170 370 1215 illae
382 1170 481 1216 Procnes
492 1180 515 1215 et
527 1170 610 1216 Cadmi
620 1185 635 1215 a
645 1169 787 1228 mythologie
801 1170 901 1223 tradite,
917 1183 978 1228 quse,
993 1169 1014 1215 si
1025 1184 1104 1215 coram

164 1234 620 1360 hitititit⁸tit⁶ttitttt
637 1231 1105 1358 tittttttttaiit‘tttt

164 1365 269 1409 oculatus
279 1379 306 1409 ac
317 1365 351 1409 vel
364 1372 484 1424 propterea
496 1364 593 1410 facunde
611 1364 671 1409 illud
685 1364 842 1409 narrabit’—
852 1359 960 1426 [μιστοε]
982 1365 1104 1423 “quorum

164 1430 259 1474 nomina
279 1429 363 1474 Medus
380 1437 403 1475 et
420 1429 573 1475 Mermeros.”
601 1424 820 1489 Aen-[Procne]
839 1428 864 1474 in
882 1427 1001 1488 Sophoclis
1019 1428 1102 1484 Tereo,

164 1494 194 1539 dc
224 1508 270 1552 quo
298 1502 398 1552 tyranno
417 1494 443 1539 in
465 1508 567 1554 upupam
588 1501 678 1539 mutato
705 1493 746 1540 cfr.
769 1492 889 1553 Aristoph.
920 1494 983 1538 Area
1005 1492 1103 1539 too.-

165 1553 319 1619 [s'ncredalas]
339 1558 449 1604 Refertur
464 1573 511 1603 non
529 1568 577 1603 tam
593 1558 624 1603 ad
636 1558 745 1604 Medeam
760 1566 785 1603 et
800 1557 974 1611 Atreumfilios
992 1557 1102 1617 Thyesta
1197 1587 1198 1590 =

162 1622 240 1668 fratris
252 1630 396 1681 coquentem,
411 1636 481 1682 quam
491 1623 520 1669 ad
532 1624 635 1671 Procnen
646 1622 672 1668 in
682 1621 833 1668 hirundinem
852 1621 904 1682 (cfr.
917 1623 962 1668 Od.
974 1620 998 1677 l,
1016 1622 1054 1677 la,
1063 1620 1101 1681 h'‚)

164 1695 187 1732 et
208 1688 321 1733 Cadmum
344 1687 369 1733 in
388 1688 512 1734 draconem
534 1683 769 1748 mutatum-[odi]
793 1687 914 1747 ‘respuo,;’
943 1686 1102 1733 ‘intolerabile

164 1751 222 1797 mihi
234 1751 340 1797 ridetur!

198 1815 250 1863 189.
268 1814 344 1878 [Neve
365 1814 449 1878 minor]
467 1817 578 1864 ‘Certum
596 1816 692 1862 modum
709 1824 733 1862 et
751 1812 875 1879 ἁρμονίαν
892 1815 992 1875 requirit
1008 1815 1101 1868 t'abulse

164 1894 219 1926 nam
230 1881 249 1927 si
261 1881 359 1926 nimium
371 1881 447 1927 brevis
462 1892 504 1935 ιιι,
519 1882 654 1942 spectatoris
669 1889 771 1927 mentem
788 1896 834 1926 non
850 1880 929 1940 explet
945 1896 987 1926 nec
1001 1880 1058 1927 satis
1072 1875 1101 1927 δι’

163 1940 231 1992 tttov
248 1943 290 1992 sai
305 1941 385 2007 φόβου
400 1942 510 2009 περαίνει
526 1944 575 2003 τὴν
590 1947 642 1992 τῶν
658 1941 779 1993 τοιοῦτον
796 1941 957 2007 παθημάτων
975 1940 1101 2008 κάθαρσιν

164 2006 272 2072 (Aristot.
291 2011 354 2057 Poet.
372 2007 406 2070 6).
440 2010 481 2055 Sin
499 2012 589 2070 justum
611 2011 705 2057 modum
723 2011 823 2066 excedit,
842 2011 893 2071 ipsa
911 2011 961 2057 brec
980 2009 1101 2071 productio

164 2074 250 2121 minuit
259 2075 391 2134 sensimque
403 2075 517 2121 consumit
526 2076 679 2135 spectantium
690 2075 842 2121 affectus'—
850 2072 1054 2136 [quisse—aera]
1072 2074 1100 2120 lrr

81 2122 89 2139 ⁸
106 2182 108 2189 ,
164 2140 248 2199 quinos
258 2149 323 2186 actus
334 2148 386 2200 post
395 2139 556 2197 grammaticos
566 2139 737 2186 Alexandrinos
745 2140 843 2186 llomani
854 2140 990 2185 dividebant
1000 2139 1100 2193 fabulass

164 2214 244 2251 contra
254 2215 343 2271 veteres
355 2204 429 2251 Graeci
444 2205 468 2249 in
485 2202 622 2267 πρόλογον,
639 2199 765 2251 ἐπεισόδια
782 2202 861 2269 (τρία)
879 2212 904 2249 et
920 2200 1014 2259 ἔξοδον,
1031 2204 1102 2251 itaut

166 2284 246 2329 reapse
258 2269 340 2315 divisio
351 2270 380 2315 ad
392 2270 453 2315 idem
466 2270 558 2315 rediret.

198 2334 251 2390 191,
265 2333 316 2381 192.
335 2332 398 2395 [Nec
407 2330 475 2394 deus]
494 2335 548 2384 Qua
558 2332 673 2379 solutione
690 2332 760 2379 nimis
775 2330 844 2388 facili,
863 2333 904 2380 sed
919 2333 964 2379 arti
978 2332 1100 2389 contrarii,

164 2413 237 2458 quum
248 2400 332 2445 solutio
345 2414 374 2445 es
387 2398 460 2459 ipsius
471 2398 549 2444 sabula
560 2398 702 2444 oeconomica
715 2398 866 2458 dispositione
876 2398 969 2457 prodire
985 2412 1013 2444 ac
1024 2412 1066 2457 per
1075 2413 1101 2444 se

165 2462 267 2509 dilucida
277 2478 326 2509 esse
337 2465 427 2516 debeat,
440 2476 501 2523 saepe
512 2462 578 2509 abusi
589 2470 644 2508 sunt
655 2461 780 2523 Euripides
790 2470 813 2508 et
824 2462 865 2517 illi,
876 2464 905 2508 de
916 2464 1001 2522 quibus
1010 2462 1099 2509 Aristo-

164 2528 222 2574 teles
239 2528 302 2575 Poet.
323 2528 358 2583 18,
379 2525 470 2574 πολλοὶ
488 2522 513 2573 δὲ
531 2522 670 2582 πλόέαντες
687 2524 711 2573 εὖ
730 2523 820 2574 λύουσι
839 2528 927 2583 κακῶς.
972 2528 1040 2573 ldem
1063 2527 1100 2584 lb,

164 2590 273 2655 ρονερδν
284 2588 323 2638 ότι
334 2591 373 2639 cul
386 2590 431 2647 τὰς
445 2588 531 2649 λύσεις
544 2593 595 2637 τῶν
628 2586 698 2638 idom
714 2589 741 2650 ἐξ
755 2588 833 2638 αὐτοῦ
844 2588 882 2639 δεῖ
892 2591 936 2639 τοῦ
945 2588 1030 2655 μόθου
1040 2606 1102 2652 σομ-

163 2653 271 2717 βαίνειν,
282 2654 325 2703 sal
334 2655 369 2718 μή
382 2654 464 2721 ὥσπερ
476 2654 504 2703 ἐν
514 2656 546 2719 τῇ
556 2608 654 2719 Μηδόόρ
661 2652 715 2703 ἀπὸ
724 2657 851 2719 μηχανῆς.
858 2654 992 2718 —[ds'gnss
999 2652 1100 2716 eadee]

166 2724 254 2781 ‘quum
265 2722 332 2767 aliter
348 2722 397 2767 fieri
416 2721 504 2781 nequit,
523 2731 547 2767 ut
562 2722 625 2781 apud
636 2721 772 2781 Sophoclem
788 2724 838 2767 siue
852 2722 958 2767 Herculis
968 2721 1100 2768 interventu

165 2785 304 2833 Philoctetes
323 2799 369 2831 uon
388 2787 489 2846 Trojam,
508 2786 549 2832 sed
570 2786 594 2831 in
617 2786 714 2845 patriam
731 2786 922 2846 proficisceretur,
939 2785 963 2830 in
980 2784 1100 2846 Euripidis

166 2850 303 2911 Hippolyto,
328 2850 371 2896 nisi
394 2850 470 2897 Diana
488 2850 650 2904 intercederet,
676 2850 716 2896 ille
737 2865 790 2897 cum
812 2861 877 2911 patre
897 2849 1039 2909 ingratiam
1053 2865 1099 2896 nou

164 2915 257 2963 rediret
294 2914 380 2961 Vindex
391 2914 462 2973 igitur
475 2915 530 2975 ‘qui
541 2928 632 2962 summo
643 2914 668 2961 in
679 2915 782 2975 periculo
791 2926 921 2961 versantem
931 2916 1008 2961 subito
1018 2914 1100 2962 liberat

165 2989 188 3027 et
199 2974 282 3041 eripit'
300 2980 404 3025 Gesn.-
412 2977 464 3041 [nec
475 2977 570 3041 quarta]
588 2983 595 3005 ‘
605 2980 717 3039 Tragicos
728 2980 752 3026 id
763 2995 844 3026 cavere
855 2980 931 3036 debet,
944 2995 974 3025 ne
983 2988 1100 3027 attentum

164 3044 412 3105 spectatorisanimum
424 3060 451 3091 eo
463 3044 558 3100 dividat,
573 3046 636 3103 quod
646 3045 670 3090 in
681 3046 764 3090 eidem
774 3046 845 3090 scena
856 3053 907 3105 post
921 3059 1099 3107 πρωταγωνισ-

165 3106 221 3167 τήν,
241 3104 476 3169 δευτεραγωνιστήν,
496 3104 708 3171 τριταγωνιστήν,
723 3109 819 3155 inducat
833 3110 904 3156 etiam
920 3116 1028 3168 quartam
1046 3124 1098 3169 per·

164 3188 253 3229 sonam,
273 3176 338 3234 cujus
360 3180 437 3233 partes
456 3187 522 3234 paene
544 3188 720 3234 supervacanea
740 3174 795 3228 sint,
811 3175 870 3220 adeo
887 3182 913 3218 ut
930 3175 990 3235 lapsi
1007 3175 1098 3229 loborat,

164 3240 287 3286 difficulter
302 3254 328 3285 ac
343 3238 438 3284 moleste
453 3236 554 3285 sermoni
571 3253 622 3285 sese
638 3238 756 3285 intrudat.’
789 3239 859 3289 Quod
877 3238 979 3285 studiose
997 3238 1098 3285 vitarunt

165 3304 290 3364 AEscbylus
301 3313 325 3349 et
335 3303 464 3363 Sophocles.
499 3302 535 3349 Sic
547 3302 571 3349 in
584 3303 728 3363 Choephoris
737 3304 818 3363 Pyladi
829 3304 963 3349 tribuuntur
974 3311 1021 3349 tres
1030 3304 1097 3349 dum-

165 3378 228 3415 taxat
240 3384 318 3415 versus
330 3368 464 3422 900-902,
475 3367 499 3413 in
512 3368 631 3428 Sophoclis
643 3368 736 3414 Electri
746 3378 811 3414 muta
820 3377 856 3413 est
867 3382 971 3427 persona

199 3433 330 3481 los-195.
349 3429 465 3494 [Actoris]
482 3432 599 3479 Absolutis
611 3433 655 3487 bis,
664 3447 716 3491 quse
726 3432 756 3477 de
766 3432 864 3491 siugulis
874 3432 978 3492 personis
988 3440 1013 3478 et
1024 3433 1053 3478 de
1062 3432 1097 3493 lis,

164 3513 217 3557 quae
235 3496 292 3543 ὰπδ
304 3498 423 3558 μηχανῆς
434 3500 553 3552 vocabant,
570 3505 636 3543 erant
647 3497 767 3551 tradenda,
779 3498 828 3556 jam
840 3497 923 3542 transit
933 3498 963 3543 ad
974 3496 1039 3543 chori
1049 3498 1096 3543 offl-

164 3563 225 3609 ciurn
237 3570 260 3608 et
269 3558 395 3625 ἁρμονίαν
403 3576 455 3609 curn
465 3563 557 3622 integra
568 3561 681 3621 traqoedii
689 3576 724 3609 vs.
735 3561 867 3609 las-aot.
886 3561 1007 3619 ‘Chorus'
1015 3561 1095 3623 inquit,
