2442 4059
129 269 182 306 tta.
195 269 224 304 tt.
236 254 273 319 a]
462 256 747 305 tutuuruutfflo.
1020 258 1081 322 155

129 408 236 455 diversus
257 421 314 454 rane
331 408 360 454 ab
378 421 413 464 eo,
430 421 501 467 quem
516 414 632 453 memorat
648 407 695 454 Sal.
713 408 764 454 liat.
780 407 819 455 40.
829 405 942 470 -[aalli
955 407 1074 472 proprius]

130 474 192 520 Cum
205 473 226 518 vi
238 471 325 532 repetit
334 473 413 518 vocab.
425 486 447 518 v.
461 472 514 520 129.
548 472 592 517 ‘In
610 472 780 532 sempiternum
795 474 882 520 nullius
898 475 942 520 erit
953 475 1075 534 proprius.¹

129 560 164 572 ··-
173 533 272 599 [Μαι]
291 540 436 584 ‘consumes
446 545 517 597 atque
527 536 632 582 strenui!
659 537 760 597 Egregie
770 538 855 599 repetit
867 540 946 585 statim
956 537 1060 600 asartia
1065 557 1076 594 5

129 603 222 649 Martio
237 603 267 648 de
284 601 385 662 paciticis
402 602 489 648 colonis
506 616 577 662 prope
594 601 718 649 ridiculum
734 602 822 649 suisset
854 604 893 650 Ad
907 612 982 650 totum
999 605 1076 650 lorum

129 666 172 713 cl'r.
189 665 287 713 anthol.
310 667 357 713 Pal.
373 667 397 719 ii.
415 666 454 721 27,
469 663 561 731 Ἀγρὸς
575 661 752 729 Ἀχαιμενίδον
768 667 879 731 γενόμην
897 667 966 725 ποτὲ,
985 669 1034 716 νῦν
1051 665 1077 716 δὲ

130 729 278 778 Μενίππου·
291 731 343 778 Καὶ
354 729 435 778 πάλιν
445 729 471 784 ἒξ
481 727 564 794 ἑτέρου
574 727 689 793 βήσομαι
699 729 733 787 εἰς
743 728 835 795 ἕτερον.
863 731 914 779 Kal
924 733 972 797 γὰρ
983 732 1077 790 ἐκεῖνος

130 791 245 908 Zoippi
264 793 321 843 aor'
338 792 408 858 pirro,
423 795 466 842 aul
485 794 567 843 πάλιν
584 791 658 854 οὗτος
674 794 765 845 Oleros·
785 794 833 860 elul
850 793 871 844 δ’
886 795 951 854 ὅλως
966 794 1076 857 οὐδενὸς,

212 857 306 923 Titur-

497 1056 619 1104 SA'HRA
637 1057 684 1105 111.

166 1185 272 1233 Aaoutt.
291 1187 348 1233 Haeo
369 1185 441 1233 satira
462 1187 604 1247 colloquium
626 1187 730 1234 eontinet
751 1192 828 1248 poeta
850 1203 904 1235 eum
926 1188 1077 1250 Damasippo,

131 1251 233 1298 ridiculo
250 1251 354 1309 homine,
373 1252 413 1311 qui
430 1266 503 1311 quum
520 1267 562 1312 per
578 1262 732 1299 mereaturam
749 1266 800 1299 rem
814 1253 951 1299 familiarem
968 1268 1077 1299 consum·

131 1317 224 1378 psisaet,
234 1317 293 1362 nibil
300 1317 352 1376 jam
362 1315 427 1362 aliud
438 1318 530 1375 agebat,
539 1331 610 1376 quam
621 1327 647 1363 ut
655 1318 732 1364 Stoica
740 1319 813 1364 barba
823 1326 847 1364 et
857 1319 933 1364 abolla
941 1319 1078 1377 superbiens

131 1380 331 1428 circumforaneus
352 1381 504 1441 philosophus
525 1381 610 1440 ubique
629 1391 698 1428 secta
721 1397 770 1428 suae
792 1383 903 1429 formulas
923 1398 937 1428 a
957 1383 1077 1439 Stertinio,

130 1445 269 1506 importuno
280 1447 406 1504 aretalogo,
417 1444 461 1491 sibi
473 1445 570 1492 traditas
582 1447 723 1494 decantaret.
735 1467 737 1470 ⁴
747 1448 817 1493 Hunc
828 1447 900 1506 igitur
909 1448 1078 1508 Damasippum

130 1509 224 1557 iudueit
235 1517 304 1570 poeta
318 1510 374 1570 ipsis
390 1510 552 1557 Saturnalibus
569 1509 593 1556 in
606 1509 685 1558 villam
697 1512 807 1557 Sabinam
824 1513 953 1559 irruentem
969 1521 994 1559 et
1010 1526 1075 1559 acer·

131 1575 230 1622 bissimi
241 1576 285 1620 sua
293 1577 330 1620 vel
340 1576 417 1636 potius
424 1575 529 1622 Stertinii
540 1575 646 1635 magistri
656 1576 761 1622 oratione
771 1585 844 1623 totum
854 1593 928 1636 genua
938 1578 1076 1634 humanum,

133 1638 218 1686 Stoicis
230 1640 374 1700 sapientibus
385 1639 495 1700 exceptio,
508 1641 623 1696 stultitiae,
637 1649 708 1701 atque
719 1642 778 1687 adeo
789 1656 818 1688 ex
831 1644 914 1688 Stoica
925 1643 1078 1704 philosophiae

132 1703 273 1760 rationibus,
285 1705 381 1751 insaniae
393 1714 538 1764 arguentem.
571 1706 626 1752 Zell
635 1721 665 1752 ex
677 1707 814 1766 Heindorsto.
835 1706 940 1768 (Scripta
950 1723 1001 1754 ease
1011 1708 1078 1756 vide·

133 1777 172 1816 tur
184 1782 208 1815 a.
222 1781 246 1815 υ.
259 1782 281 1815 o.
293 1769 347 1826 722,
360 1785 432 1828 quum
446 1770 558 1816 Horatius
570 1783 751 1817 xx1111.aunos
763 1781 831 1818 natus
842 1774 922 1832 esset.)

168 1834 192 1881 1.
210 1831 264 1896 [Sio
274 1849 328 1881 raro
338 1832 431 1896 acribia]
451 1834 606 1895 Damasippus
623 1836 724 1895 primum
741 1839 867 1897 exprobrat
879 1837 976 1883 Horatio
992 1837 1077 1883 intole-

131 1899 231 1945 rabilem
244 1899 411 1959 negligentiam
421 1917 427 1953 ς
444 1899 530 1945 deinde
542 1900 614 1954 brevi,
631 1902 672 1946 aed
682 1901 729 1947 acri
741 1900 922 1962 interrogatione
934 1902 978 1962 ipsi
989 1917 1078 1962 expen-

130 1964 239 2010 dendum
255 1964 373 2024 proponit,
389 1964 447 2024 quid
463 1964 518 2010 mali
536 1979 565 2010 ex
577 1965 619 2010 tali
630 1965 720 2012 deridid
731 1967 846 2012 oriturum
857 1969 896 2014 sit.
929 1967 1023 2027 Optime
1035 1967 1080 2013 sibi

131 2029 277 2088 respondent
289 2030 328 2075 Sic
342 2035 477 2086 raro-al,
495 2030 610 2089 quumiu
626 2031 706 2077 medii
721 2032 826 2079 clausula
842 2047 957 2093 perquam
973 2031 1080 2095 durarit

131 2093 231 2139 omissio
240 2101 302 2153 part.
311 2096 374 2141 adeo.
780 2123 784 2132 ·

167 2157 240 2204 Η.
259 2154 440 2219 [Membroaom]
459 2158 496 2204 ‘in
514 2173 585 2218 quam
602 2173 633 2205 ex
652 2161 743 2207 tabellis
761 2161 834 2207 cereis
850 2161 888 2207 vel
907 2161 978 2206 etiam
993 2159 1079 2219 palim-

132 2231 213 2284 psesto
231 2224 370 2269 transcribas
388 2223 474 2283 scripta
492 2220 726 2286 ιη’-[νείκης]
745 2239 778 2285 pr.
797 2227 884 2271 ‘telam
904 2225 1037 2280 resolvens,’
1054 2225 1079 2272 id

133 2297 178 2343 eat,
190 2292 257 2346 ‘qua
268 2288 346 2334 minua
357 2296 418 2334 recte
428 2288 545 2346 scripsisae
556 2288 599 2335 tibi
610 2289 703 2346 videris,
715 2291 796 2335 delens
807 2305 834 2336 ac
844 2291 922 2335 denuo
932 2289 1077 2336 elimans!-

135 2349 244 2414 [Iratua]
263 2351 382 2398 ‘Tibimet
393 2353 437 2412 ipsi
448 2367 594 2410 succensens,
612 2355 675 2413 quod
688 2355 756 2400 nimis
767 2354 837 2413 genio
847 2354 980 2413 indulgens,
997 2365 1081 2414 potans

133 2427 208 2478 atque
218 2417 245 2462 in
255 2416 319 2463 diem
330 2418 456 2473 dormiens,
473 2417 532 2463 nibil
546 2418 596 2486 jam
608 2433 734 2478 componas
747 2420 852 2478 dignum,
869 2419 898 2464 de
910 2433 957 2478 quo
973 2419 1080 2466 homines

133 2481 279 2542 loquantur!
305 2476 389 2543 (οὐδὲν
409 2476 487 2544 λόγον
507 2479 700 2545 ἅζιον).-[Αὺ
720 2479 789 2545 ipris]
807 2486 845 2530 Ab
863 2485 920 2544 ipsit
939 2485 962 2530 S.
983 2492 1082 2531 nonest

134 2547 207 2593 ‘inde
222 2549 252 2592 ab
268 2545 325 2606 ipsis
338 2547 370 2593 S.’
386 2545 531 2602 seddioilur,
549 2544 668 2610 utfugere
679 2564 695 2594 a
704 2551 792 2608 putria,
812 2551 842 2595 ab
857 2551 926 2604 horle,
942 2563 984 2608 pro
994 2547 1080 2611 fugere

130 2613 245 2672 patriam,
261 2613 352 2658 bostem.
385 2612 456 2662 Quod
466 2620 545 2658 autem
558 2613 679 2659 Bentleius
693 2613 790 2672 quaerit,
808 2615 948 2664 ‘Quomodo
957 2617 987 2660 ab
999 2617 1080 2660 Satur-

135 2677 230 2722 nalibus
241 2675 323 2735 lugere
333 2676 429 2736 potuitl
447 2677 512 2736 quid,
524 2678 620 2732 malum,
631 2693 710 2724 noune
723 2687 770 2724 tam
782 2678 831 2724 ruri
842 2693 913 2738 quam
925 2679 950 2723 in
961 2681 1018 2725 urbe
1030 2680 1080 2726 dies

136 2741 323 2787 Saturnaliorum
343 2741 437 2786 erantl¹
456 2742 523 2788 facile
541 2741 652 2796 solvitur,
668 2741 726 2798 ruri,
745 2753 771 2788 ut
787 2744 886 2799 volebat,
903 2757 1021 2789 summum
1039 2758 1081 2805 per

135 2805 212 2852 otium
224 2805 303 2851 vivere
313 2813 404 2866 poterat
416 2805 536 2861 Horatius,
552 2807 577 2851 in
589 2808 648 2853 urbe
659 2822 707 2854 non
717 2808 784 2863 item,
795 2808 836 2853 ubi
847 2808 958 2854 conviviis
969 2809 1081 2856 interesse

136 2871 246 2916 debebat.

169 2937 193 2983 ὅ.
211 2930 398 2995 [bannalibus]
417 2933 557 2990 Saturnalia,
575 2928 680 2997 Κρόνια,
698 2937 874 2982 oelebrabantur
885 2950 909 2984 a.
920 2951 945 2984 u.
957 2951 1010 2984 xvr.
1028 2939 1082 2985 Kal.

135 2998 192 3046 dan.
204 2999 280 3059 (xvtr.
295 3000 327 3044 M.
342 2996 474 3059 Decembr.)
486 3000 602 3058 usquead
614 3012 666 3046 xrv.
683 3001 735 3046 Kal.
747 3002 801 3047 lau.
813 3002 837 3046 in
852 3003 988 3049 memoriam
1001 3003 1082 3063 priscae

136 3063 261 3110 bominum
273 3064 335 3120 vitae,
351 3064 392 3110 ubi
403 3078 483 3110 oroneo
494 3063 569 3119 liberi,
587 3078 669 3111 omnes
679 3063 742 3111 inter
752 3080 776 3111 se
787 3068 888 3126 aequales
900 3069 1006 3120 fuerant,
1023 3081 1080 3112 eon-

136 3128 205 3175 tinuo
216 3129 288 3187 igitur
299 3130 462 3189 epulabantur,
472 3129 592 3184 ludebant,
608 3130 670 3176 dona
679 3129 723 3175 sibi
733 3130 833 3177 invicem
845 3132 976 3186 mittebant,
991 3131 1082 3177 domini

136 3194 211 3240 servis
217 3193 265 3254 joci
276 3195 347 3240 eausa
357 3195 501 3254 apparebant
511 3194 542 3240 ad
552 3207 691 3242 mensua-
699 3191 816 3257 [Sobrius]
835 3198 928 3248 ‘Quum
938 3196 978 3255 qui
990 3195 1015 3240 in
1024 3198 1081 3243 urbe

136 3258 221 3304 vivunt
235 3271 299 3304 nuuc
312 3257 462 3304 luxurientur
472 3267 496 3305 et
509 3260 648 3320 plerumque
665 3261 724 3306 ebrii
741 3261 795 3317 siut,
815 3270 841 3307 tu
855 3261 880 3306 in
897 3262 941 3307 bae
955 3259 1082 3307 aoiitudiue

136 3323 229 3370 sobrina
241 3337 339 3369 manens
350 3322 404 3379 die:
417 3323 459 3370 &a
935 3346 940 3353 ·

170 3387 259 3434 (ΗΟ.
277 3384 421 3449 [memhris]
439 3395 466 3434 ut
478 3387 507 3435 A.
517 3387 542 3434 P.
552 3387 591 3442 46,
599 3391 708 3449 proarirra'
718 3392 824 3436 ommia&
834 3394 959 3435 auoton—
967 3384 1025 3449 [Nil
1033 3388 1080 3451 ert]

138 3451 223 3498 ‘Nihil
235 3453 321 3506 habear
339 3452 426 3498 frustra
436 3467 451 3498 a
465 3462 488 3500 te
504 3463 666 3513 exspectamus
682 3455 762 3513 magui
779 3454 906 3513 aliquidvet
922 3453 1041 3513 praeclari!
1050 3479 1083 3490 --

138 3513 248 3580 [mant]
265 3519 280 3542 “
290 3517 374 3576 Arguit
385 3531 465 3563 eorum
477 3517 608 3573 stultitiam,
620 3517 662 3578 qui
676 3533 750 3578 quum
764 3517 933 3564 aenteutiarum
948 3526 989 3563 aut
999 3522 1082 3566 verbo-

137 3597 192 3628 rum
211 3581 292 3643 iuopia
311 3590 433 3641 urgentur,
455 3581 479 3627 in
497 3581 635 3628 innoeentes
651 3583 752 3642 parietes
769 3581 835 3642 quasi
853 3580 931 3626 minus
949 3586 1083 3640 eommodoa

137 3647 294 3694 humantur?
330 3647 413 3694 Coum.
425 3647 533 3708 ὕπνῳ-
542 3642 658 3757 [Ιαὺῦναὲ]
676 3655 792 3707 quatenus
804 3651 873 3705 poeta
883 3659 938 3692 eum
949 3656 1083 3695 exsecratur
