2442 4059
404 259 603 307 andrunnun
626 260 694 305 urs.
711 262 734 305 1.
750 246 780 305 9.
1026 248 1067 310 21

126 412 274 480 Demitto
287 410 448 489 auriculas,
466 424 500 475 ut
514 411 630 497 iniquae
644 411 758 478 mentis
771 412 893 491 asellus,
1026 418 1069 477 20

127 500 238 576 Quum
253 498 378 586 gravius
393 499 482 563 dorso
496 497 590 563 subiit
605 521 692 563 onus.
738 499 854 584 Incipit
867 500 939 563 illc:

128 587 165 651 Si
180 585 262 650 bene
278 608 328 649 me
343 585 426 662 novi,
443 607 504 648 non
521 583 651 686 Viscurn
665 584 762 671 pluris
776 585 919 663 amicum,

127 672 203 735 Non
220 670 361 749 Varium,
376 670 486 735 facies:
509 692 580 734 nam
596 693 666 756 qurs
681 694 731 734 me
746 671 880 736 seribere
895 672 1010 758 plures,

127 758 199 822 Aut
213 756 303 821 citius
317 757 414 842 possit
429 753 559 821 versus?
581 756 651 842 quis
665 758 803 821 membra
818 779 941 822 movere

129 841 286 907 Mollius?
301 842 529 928 invideatquod
544 853 576 907 et
593 842 819 929 Hermogenes,
833 866 892 931 ego
904 854 1003 908 canto.
1025 848 1069 907 25

128 928 355 1015 Interpellandi
371 928 455 993 locus
469 928 520 992 hic
534 940 616 993 erat:
641 928 699 993 Est
714 929 770 993 tibi
786 942 893 1007 mater,

130 1015 278 1102 Cognati,
295 1014 384 1100 queis
403 1025 435 1079 te
449 1015 534 1079 salvo
556 1026 604 1079 est
624 1012 725 1100 opus?
770 1014 865 1079 Haud
888 1014 964 1079 mihi
984 1014 1069 1101 quis-

239 1123 326 1177 uam3

130 1123 253 1252 Omnis
268 1186 435 1272 composui.
480 1184 622 1253 Felices!
667 1186 761 1250 Nunc
775 1209 836 1274 ego
850 1199 941 1252 resto.

130 1271 279 1347 Confice3
302 1295 435 1358 namque
450 1272 544 1337 instat
558 1272 656 1337 fatum
670 1272 747 1336 mihi
761 1274 858 1349 triste,
879 1271 1003 1337 Sabella

131 1358 228 1435 Quod
243 1380 339 1445 puero
355 1357 477 1435 cecinit,
492 1358 596 1423 divinia
612 1359 695 1423 motai
709 1381 787 1422 anus
802 1358 898 1423 urnd:
928 1429 932 1436 .
1027 1362 1069 1424 30

131 1454 154 1485 “
163 1444 261 1508 Hunc
277 1467 379 1529 neque
394 1444 459 1508 dira
474 1466 603 1521 venena,
619 1467 679 1508 nec
693 1444 828 1510 hosticus
841 1445 963 1509 auferet
976 1446 1068 1522 ausis,

131 1530 203 1595 Nec
217 1530 348 1594 laterum
363 1530 459 1607 dolor,
474 1543 528 1595 aut
542 1530 644 1606 tussis,
660 1552 719 1593 nee
733 1531 819 1595 tarda
832 1531 984 1618 podagra3

132 1615 286 1682 Garrulus
301 1615 384 1681 hunc
398 1616 522 1703 quando
537 1629 697 1680 consumet
711 1639 851 1701 cunque:
873 1617 1026 1703 loquaces,

133 1702 170 1767 Si
184 1702 291 1789 sapiat,
308 1703 394 1779 vitet,
411 1700 610 1787 simulatque
625 1701 795 1767 adoleverit
808 1704 911 1767 atas.’'

131 1788 272 1853 Ventum
289 1799 355 1853 erat
368 1788 407 1852 ad
424 1788 536 1864 Vesta,
554 1788 663 1873 quartis
674 1789 740 1874 jam
755 1802 841 1874 parte
856 1788 919 1853 diei
1028 1792 1070 1853 35

133 1874 317 1950 Praeteritd;
341 1887 373 1938 et
387 1896 460 1938 casu
474 1885 540 1939 tum
555 1874 743 1959 respondere
758 1875 868 1940 vadato

131 1959 299 2036 Debebat3
322 1960 405 2046 quod
420 1959 452 2023 ni
467 1960 599 2035 fecisset,
617 1960 746 2045 perdere
760 1960 858 2026 litem.

134 2047 169 2111 Si
185 2069 235 2110 me
250 2068 343 2123 amaa
359 2046 470 2132 inquit,
487 2045 625 2131 paullum
639 2045 690 2110 hie
703 2046 786 2112 ades.
832 2047 998 2123 Inteream,
1013 2045 1040 2110 si

132 2136 202 2197 Aut
215 2132 304 2197 valeo
318 2144 409 2210 stare,
425 2143 478 2196 aut
492 2132 564 2196 novi
580 2131 682 2197 civilia
691 2132 779 2217 jura3

133 2217 179 2285 Et
200 2240 331 2303 propero
349 2241 411 2304 quo
432 2218 500 2282 scis.
545 2217 672 2282 Dubius
693 2240 771 2295 sum,
789 2218 863 2304 quid
879 2218 1000 2296 faciam,
1022 2220 1071 2283 in-

241 2304 303 2381 uit3
1026 2313 1069 2370 40

132 2326 430 2539 Tenezrelinquam,
446 2412 486 2455 an
506 2411 581 2453 rem.
627 2388 696 2466 Me,
712 2388 811 2453 sodes.
856 2388 929 2453 Non
949 2391 1071 2470 faciam,

217 2499 288 2541 re:

133 2562 179 2628 Et
192 2562 367 2648 praecedere
383 2560 486 2646 coepit.
533 2560 561 2623 E
585 2583 604 2625 o
622 2563 672 2645 (ut
686 2560 873 2625 contendere
885 2560 996 2626 durum
1011 2575 1059 2629 est

134 2649 217 2714 Cum
232 2648 364 2732 victore)
380 2669 501 2733 sequor.
547 2584 708 2712 llaetenas
724 2647 878 2731 quomodo
893 2648 1020 2712 tecum?

134 2734 223 2799 Hinc
246 2734 379 2820 repetit3
409 2756 575 2820 paucorum
601 2732 772 2810 hominum,
799 2744 832 2798 et
854 2734 967 2799 mentis
991 2734 1072 2800 benc

218 2842 319 2896 sanam

135 2907 238 2971 Nemo
254 2905 411 2971 dexterius
426 2904 548 2970 fortund
564 2914 611 2968 est
627 2925 708 2969 usos.
755 2903 898 2970 Haberes
1031 2912 1072 2971 45

135 2992 293 3080 Magnum
307 2992 490 3077 adjutorem,
506 3002 610 3076 posset
624 2990 678 3075 qui
694 2990 773 3053 ferre
788 2991 947 3069 secundas,

134 3078 233 3144 Hunc
248 3077 405 3142 hominem
421 3076 517 3141 velles
536 3076 563 3141 si
577 3076 712 3140 tradere:
736 3074 918 3162 dispeream,
933 3077 968 3140 ni

136 3165 319 3229 Submosses
334 3186 449 3227 omnes.
495 3161 567 3225 Non
584 3161 643 3226 isto
658 3160 791 3226 vivimus
804 3162 877 3242 illic,

135 3250 211 3325 Quo
227 3264 260 3315 tu
274 3272 352 3327 rere,
369 3249 469 3313 modo.
514 3246 638 3312 Domus
652 3246 709 3311 hac
724 3269 783 3311 nee
797 3249 902 3334 purior
917 3248 979 3312 ulla
993 3259 1049 3325 est,

135 3335 207 3401 Nec
221 3336 320 3438 magis
335 3335 381 3399 his
396 3336 497 3400 aliena
511 3333 619 3397 malis:
636 3332 680 3396 nil
696 3333 847 3401 miofficit
861 3355 1008 3420 unquam,
1030 3338 1071 3396 50

135 3421 242 3486 Ditior
256 3421 307 3486 luc
319 3434 374 3487 ant
388 3432 435 3485 est
449 3420 522 3505 quia
537 3419 671 3484 doctior:
695 3431 742 3484 est
756 3420 841 3485 locus
856 3420 925 3483 uni·

137 3506 199 3571 Cui
224 3530 262 3571 ue
277 3530 361 3573 suus.
392 3505 548 3594 Magnum
562 3526 677 3582 narras,
693 3503 747 3567 vix
761 3504 917 3569 credibile.
945 3503 1044 3590 Atqui

137 3592 190 3658 Sic
246 3593 308 3659 bet.
353 3593 519 3669 Accendis,
536 3612 632 3679 quare
647 3589 769 3675 cupiam
782 3589 882 3675 magis
896 3586 942 3652 illi
