2442 4059
172 264 237 327 220
498 261 780 309 utinamutinam.
1019 258 1124 325 [mn.

203 414 245 463 29.
272 410 369 476 [Copia]
392 413 542 459 abnndantia
556 422 581 459 et
592 412 706 458 ubertatis
716 414 768 467 dea,
786 418 812 457 ut
823 411 901 458 Carm.
917 412 1019 467 Seab7.
1038 415 1124 460 ‘Erec

175 489 254 526 autem
265 481 341 525 omnis
355 478 449 537 generis
464 477 543 537 fruges
557 478 693 536 fructusque
704 476 770 537 quasi
785 478 815 522 de
831 477 890 521 eoelo
908 477 934 522 in
948 486 1038 524 terram
1054 494 1124 526 nunc

175 542 287 605 defundit,
303 559 317 589 e
329 558 402 589 cornu
412 557 455 588 suo
466 544 575 589 omnibus
585 544 734 589 abundanter
743 542 856 601 largitus·

520 736 680 784 EPIS'IOLA
699 736 770 783 xttl.

207 870 313 914 Aaourt.
335 868 350 893 ‘⁸
362 867 429 913 Hanc
446 866 577 926 Epistulam
594 868 625 912 ad
642 866 738 911 Vinium
755 866 866 920 Asellam,
884 865 992 924 quisquis
1009 866 1051 913 ille
1066 866 1122 923 fuit,

174 934 269 978 missam
281 948 331 979 esse
341 947 462 991 nunquam
473 933 576 977 adducar
588 941 616 977 ut
631 932 732 978 credam.
765 931 794 976 ln
808 931 907 989 Augusti
921 931 1000 989 potius
1014 931 1122 989 gratiam

174 999 260 1057 scripta
271 999 371 1051 videtur,
391 998 429 1041 cui
446 1006 516 1057 poeta
528 998 694 1043 verecundiam
709 1010 776 1042 suam
791 995 831 1040 vix
845 1003 937 1055 poterat
949 998 1122 1043 commendare

174 1064 295 1109 urbanius.
335 1063 442 1109 Paratum
459 1061 541 1108 eadem
562 1062 666 1107 babebat
684 1060 866 1113 excusationem,
886 1060 906 1105 si
925 1059 986 1106 sorte
1006 1073 1122 1120 poemma

143 1156 147 1163 -
175 1142 218 1173 sua
232 1128 339 1187 Augusto
354 1129 383 1173 ab
397 1126 478 1172 amicis
493 1125 563 1171 nimis
578 1126 687 1172 officiosis
704 1126 765 1172 male
783 1133 861 1171 essent
877 1125 965 1170 tradita
979 1134 1022 1170 aut
1037 1127 1121 1172 minus

175 1200 229 1252 apte
240 1191 425 1238 commendata”
445 1191 534 1237 Jacobs.
573 1190 667 1236 Festive
677 1191 749 1249 igitur
759 1190 854 1235 simulat
864 1203 889 1234 se
900 1198 986 1248 preter
995 1192 1120 1246 mandata,

176 1273 229 1316 quae
245 1258 308 1303 domi
316 1260 366 1317 J'am
377 1270 439 1315 sepe
451 1255 538 1314 diuque
549 1254 640 1300 homini
651 1257 721 1311 bono,
731 1255 774 1300 sed
784 1253 915 1313 plnguioris
926 1254 1026 1313 ingenii,
1039 1256 1120 1301 incul-

175 1322 240 1377 carit,
260 1337 290 1367 ne
307 1323 347 1368 illa
354 1325 405 1382 jam
418 1320 569 1374 iterfaciens,
586 1320 661 1378 magis
675 1320 748 1365 etiam
758 1334 830 1378 quum
842 1320 867 1364 in
878 1322 960 1364 urbem
971 1321 1120 1378 pervenerit.

175 1388 333 1442 obliviscatur,
352 1387 434 1431 eadem
452 1385 524 1430 etism
543 1384 628 1429 litteris
647 1385 804 1443 consignasse,
825 1383 915 1442 hasque
937 1384 1037 1438 litteras,
1058 1400 1118 1445 quas

176 1452 262 1505 Asello,
283 1461 308 1497 ut
324 1450 444 1510 probabile
465 1458 508 1503 est,
527 1464 649 1509 nunquam
668 1450 740 1505 ridet,
761 1459 815 1509 post
831 1452 881 1508 eius
898 1448 1068 1508 profectionem
1086 1464 1117 1495 ex

175 1517 265 1577 predio
285 1516 371 1561 Sabino
392 1529 434 1575 per
450 1514 598 1560 tabellarium
614 1513 713 1560 misisse.
752 1513 807 1559 Fuit
826 1521 906 1559 antem
930 1509 999 1574 (nam
1015 1528 1118 1573 persona
1206 1505 1207 1588 J

174 1581 226 1640 ipsa
243 1595 298 1626 vera
313 1588 357 1635 est,
375 1588 400 1625 et
416 1579 513 1625 fortasse
527 1588 583 1624 nota
599 1587 650 1624 erat
661 1576 780 1638 Augusto)
797 1578 834 1622 vel
852 1578 943 1623 vicinus
957 1578 1060 1634 Horatii,
1078 1579 1117 1625 vel

175 1660 237 1691 unua
249 1646 353 1704 quinque
367 1645 462 1689 illorum
471 1646 587 1689 bonorum
597 1651 699 1702 patrum,
710 1644 845 1689 colonorum
855 1643 1020 1702 partiariorum
1032 1644 1058 1689 in
1065 1646 1117 1703 ejus
1206 1693 1207 1712 Χ

176 1710 276 1755 Sabino:
291 1724 372 1755 servus
391 1718 453 1755 certe
471 1708 605 1754 tabellarius
621 1723 669 1753 non
688 1708 742 1764 init,
761 1722 834 1767 quum
853 1708 899 1753 tria
916 1708 1013 1753 nomina
1031 1708 1118 1754 Latine

174 1775 291 1827 habuerit,
308 1776 334 1819 C.
349 1774 432 1819 Vinius
444 1774 532 1820 Fronto
550 1773 587 1819 vel
603 1774 691 1826 Asello,
708 1782 735 1819 ut
750 1774 819 1818 aiunt
831 1772 1119 1833 Scholiasta-Scripta

174 1837 268 1884 ridetur
278 1839 409 1885 Kirchnero
421 1838 527 1897 Epistola
536 1838 629 1883 circiter
639 1850 663 1883 Α.
673 1849 697 1884 υ.
706 1850 730 1885 ε.
740 1837 795 1891 736,
806 1837 957 1882 Lachmanno
968 1838 1006 1882 vel
1017 1838 1117 1884 ineante

174 1918 196 1949 a.
212 1902 267 1959 730,
288 1904 326 1948 vel
346 1911 401 1947 ante
420 1902 563 1963 hiemem'a.
580 1902 644 1957 732;
664 1918 707 1963 per
727 1902 833 1947 medium
851 1902 915 1947 enim
937 1910 1031 1961 tempos
1049 1912 1118 1948 extra

174 1968 266 2013 ltaliam
278 1968 369 2025 degisse
380 1969 520 2025 Augustum.
759 1977 763 1982 ⁴

207 2032 263 2091 d‚5.
283 2028 382 2093 [Mirm]
402 2032 441 2077 'Si
451 2030 511 2077 forte
519 2030 624 2076 offendes
631 2030 775 2090 Augustum,
787 2031 808 2076 is
818 2030 915 2076 sortasse
922 2030 1117 2089 indignabundus

175 2098 273 2157 accipiet
286 2111 339 2143 mea
355 2095 512 2142 carmina.¹—
522 2091 652 2156 [tmportes]
670 2099 809 2156 plerumque
823 2096 852 2141 de
869 2098 939 2141 rebus
950 2095 1115 2151 incommodis,

174 2171 202 2208 ut
224 2162 370 2221 ‘importare
391 2161 555 2215 calamitatem,
576 2160 674 2216 luctum,
695 2161 833 2220 periculum,
854 2160 960 2219 pestem!
1002 2162 1115 2207 Ceterum

116 2251 133 2281 ·,
174 2229 357 2273 construendum
372 2226 466 2272 videtur
486 2226 557 2271 etiam
577 2232 673 2284 propter
689 2240 711 2270 v.
731 2240 856 2271 moram:
874 2241 902 2271 ne
918 2226 1009 2271 udaius
1029 2224 1116 2286 (quum

174 2293 206 2338 sis
225 2293 295 2338 nimis
317 2288 433 2351 sedulus),
455 2293 559 2351 importes
577 2291 654 2335 odiam
671 2291 762 2345 libellis,
779 2292 883 2336 minister
900 2293 969 2349 opera
988 2291 1116 2337 ute-au

176 2356 321 2416 (ministrum
337 2371 409 2416 agens
428 2356 507 2412 talem,
531 2354 572 2415 qui
590 2368 686 2414 operam
705 2364 775 2400 naret
794 2354 867 2401 nimio
889 2363 960 2414 atque
978 2355 1116 2415 importuno

173 2422 271 2475 studio).

207 2485 278 2531 6-8.
300 2482 376 2546 [uret]
396 2484 426 2530 de
442 2498 513 2531 onere
530 2484 636 2536 molesto,
655 2492 682 2529 ut
697 2484 765 2530 Ovid.
781 2484 849 2529 Rem.
871 2482 922 2528 Am
940 2482 997 2540 235,
1012 2486 1114 2544 Aspida,

176 2556 203 2595 ut
211 2565 299 2609 pressos
317 2556 385 2595 arant
395 2548 458 2610 jugo
472 2551 548 2609 primo
558 2544 850 2609 jussum-[Aspicito]
869 2548 1075 2608 ‘Abiicitopotiaa
1089 2551 1115 2596 in

175 2615 228 2675 ipso
238 2614 322 2661 itinere
331 2615 346 2668 ς’
363 2614 443 2673 (fingit
456 2612 518 2659 enim
533 2615 563 2658 ob
578 2614 674 2673 propria
689 2628 783 2674 quoque
798 2613 892 2671 negotia
904 2613 1001 2657 Vinium
1013 2614 1115 2661 Romam

175 2678 297 2739 proficisci,
312 2688 336 2724 et
350 2687 442 2724 tantum
453 2678 522 2723 officii
533 2679 603 2723 causi
613 2678 720 2724 carmina
727 2692 805 2723 secum
815 2674 929 2737 portare,)
950 2679 1039 2735 ‘quam
1050 2688 1077 2724 ut
1086 2694 1115 2725 eo
1206 2681 1207 2688 ’

174 2744 232 2797 loco,
248 2758 321 2802 usque
336 2744 367 2789 ad
385 2757 455 2803 quem
469 2742 573 2802 perferre
589 2742 680 2801 juberis
697 2740 820 2796 sarcinam,
832 2740 908 2802 seras,
922 2743 1050 2801 impatiens
1063 2747 1114 2804 jam

173 2808 259 2862 oneris,
270 2808 387 2863 efferatus,
398 2817 426 2854 ut
436 2807 523 2867 Iniqua
533 2807 619 2853 mentis
628 2808 722 2862 asellus,
740 2821 793 2852 cum
804 2807 828 2851 ri
838 2816 862 2853 et
872 2806 947 2852 multo
958 2822 1012 2853 cum
1021 2807 1114 2868 fragore
1206 2825 1207 2878 p

175 2873 269 2932 dejicias
288 2874 313 2918 in
334 2875 411 2919 solum
428 2872 465 2917 vel
486 2872 512 2917 iu
532 2872 620 2917 atrium
638 2872 721 2918 Palatii
740 2872 837 2918 clitellas
853 2871 913 2915 muli
931 2872 969 2917 vel
990 2872 1051 2919 asini
1072 2875 1113 2929 toi,
1206 2895 1207 2906 ¹

175 2940 259 2999 quibus
279 2937 369 2983 sarcina
389 2938 479 2996 illigata
496 2944 533 2982 est
549 2945 620 2996 atque
636 2937 692 2983 inde
710 2937 828 2983 solvenda.
867 2936 938 2985 Quod
956 2936 975 2981 si
990 2945 1040 2983 tarn
1062 2953 1113 2984 rus·
1206 2951 1207 3002 j

175 3004 235 3049 tious
245 3016 316 3053 esses,
333 3016 401 3061 quam
417 3001 531 3060 signffico,
543 3002 628 3047 merito
639 3008 662 3048 te
678 3001 782 3047 Asellam
797 3000 875 3045 vocari
886 3001 992 3046 dicerent
1002 3002 1113 3059 ridentes,
1206 3017 1207 3022 ¹

175 3067 217 3127 qui
227 3067 349 3113 viderent)
357 3090 390 3099 -
398 3062 502 3128 [Asina]
521 3067 615 3112 videtur
625 3067 713 3112 dixisse
723 3080 765 3125 pro
777 3066 878 3117 Asellaer
896 3079 943 3110 non
959 3066 1024 3111 enim
1038 3069 1113 3114 credi-

174 3134 222 3179 bile
232 3142 268 3179 est
277 3131 350 3191 patris
364 3145 492 3189 cognomen
504 3134 590 3186 Asina,
608 3140 635 3176 ut
645 3132 735 3186 volunt,
749 3130 796 3190 joci
811 3130 881 3175 causi
898 3130 1006 3177 aricinis
1022 3133 1074 3192 ejtu
1088 3133 1112 3180 in

175 3198 260 3245 Asellis
278 3196 394 3243 deflexum
412 3210 469 3241 esse.
503 3196 574 3245 Quod
588 3203 708 3255 paternam
725 3204 761 3241 est
777 3208 915 3253 cognomen,
932 3204 1049 3242 monstrat
1064 3198 1112 3257 jm
1206 3213 1207 3228 i

173 3272 264 3338 patrem
274 3263 404 3337 ingenuum
414 3260 528 3306 rusticum
539 3261 674 3307 Romanum
688 3260 761 3307 t‘uisse
778 3274 821 3306 nec
831 3274 887 3305 vero
901 3259 951 3305 tilio
964 3263 1112 3309 contumelia

171 3327 434 3452 ωιιι18οἂ-ἶῖ11(121.ῑΠῗὶαπιιιι]
460 3389 579 3435 “lacunas
600 3390 700 3447 majores
720 3403 806 3449 aquam
828 3387 933 3447 pluviam
957 3389 1111 3437 continentes.

173 3456 281 3503 Ennius:
303 3458 414 3503 Siluorum
432 3455 513 3509 salim,
530 3454 629 3500 latebras
646 3454 760 3515 innosque
776 3452 885 3499 lutosm.”
908 3452 991 3499 cruos
1005 3455 1111 3517 (Ino.-

174 3516 268 3579 [Victor
276 3518 397 3582 propositi]
415 3516 539 3582 ἐγκρατής
549 3518 594 3565 τοῦ
606 3517 750 3564 σεοποῦ.-
758 3515 812 3580 [Sic
818 3520 916 3577 positast
925 3516 1039 3581 mols]
1059 3521 1110 3567 ‘Sic

170 3598 243 3644 pones
254 3597 285 3641 et,
297 3602 370 3646 quum
381 3584 493 3647 posueris,
504 3585 575 3630 etiam
585 3584 620 3630 sic
629 3584 741 3640 servabis,
751 3582 794 3630 ne’
804 3584 848 3631 ac.
