2442 4059
155 270 232 336 252*
488 268 773 317 ruranruursrro.
1011 268 1107 334 [arm.
1194 263 1195 340 l

158 421 226 483 pitia,
237 419 392 481 opitulantia'
410 418 448 466 ste
464 420 489 465 iu
502 419 584 479 Eurip.
598 420 696 466 Racchis
707 434 727 463 n.
740 420 798 475 582,
816 420 900 467 cltorus
916 419 955 466 dei
971 422 1108 481 praecutit,

160 484 300 549 ἐπιφανείᾳ,
311 485 431 546 perculsus
440 494 482 531 est.
491 509 522 520 -
531 482 782 546 [Calentes—opnor]
799 484 824 531 si
836 486 929 544 quando
942 486 1028 532 Romae
1040 501 1109 546 aqu·

160 551 240 609 inopia
258 560 316 605 erat,
336 564 401 597 sacra
419 550 601 596 instituebantur
618 548 673 596 lori
691 549 781 605 Pluuio,
802 550 908 608 aquilitia
927 550 1000 606 dicta,
1020 552 1109 611 quippe

162 616 247 676 quibus
257 614 344 661 imbres
355 615 413 660 eoelo
425 614 577 668 elicerentur;
594 614 748 673 nudipedalia
757 616 893 676 agebantur,
910 612 935 660 id
947 624 992 669 eat,
1006 616 1110 675 populus

162 681 232 727 nudis
244 680 341 739 pedibus
356 694 467 739 pompam
482 681 582 726 ducebat
597 693 639 738 per
655 681 785 725 urbem-
795 675 886 740 [docto]
903 679 1005 725 ‘blande
1017 680 1110 740 suppli-

163 759 217 791 cans
229 745 265 790 dir
276 744 388 800 carmine,
404 744 467 804 quod
479 753 548 804 poeta
558 758 613 789 eum
625 743 718 789 docuit!
752 744 826 791 Docto
837 754 873 789 est
883 744 1043 804 participium,
1060 759 1109 789 uon

162 804 472 870 adJectivum.—[Aoertit]
490 808 593 854 maxime
611 807 721 867 Apolline
740 807 853 862 invocato,
871 817 897 853 ut
913 810 957 854 0d.
976 809 998 864 l,
1016 808 1056 864 21,
1072 808 1109 855 ta
1196 853 1197 858 ,

163 897 194 907 -
205 870 349 935 [metuenda]
367 873 469 933 ‘quippe
481 873 594 934 portentis
605 872 749 931 significata!
758 869 900 933 —[rnoner]
919 873 958 918 ‘di
970 872 1049 927 inseri,
1066 873 1110 919 Dis
1196 871 1197 874 ’

161 946 235 999 pater,
254 938 400 998 Proserpina,
421 937 526 993 Hecate,'
547 945 573 983 ut
589 937 654 995 Virg.
675 938 718 983 Ge.
737 938 760 993 4,
777 937 833 993 505,
852 938 962 998 Orpheus
983 939 1035 987 Quo
1049 940 1110 996 fleta

162 1003 459 1063 ManenquoNurnina
478 1018 529 1050 once
547 1004 656 1049 voearet?

198 1067 331 1121 tan—144.
351 1064 490 1128 [Agricolae]
509 1066 563 1113 Jarn
575 1076 697 1126 poetarum
709 1074 733 1112 et
746 1066 823 1126 poesia
834 1066 856 1111 in
868 1074 977 1112 cunctam
988 1065 1110 1113 civitatem

64 1156 67 1164 ·
163 1146 190 1179 ac
210 1133 306 1179 deorum
324 1134 413 1178 cultum
431 1132 520 1177 meritis
537 1131 649 1191 expositis
667 1131 784 1190 originem
801 1141 872 1190 atque
890 1131 1012 1177 historiam
1032 1132 1110 1191 poesis

164 1198 279 1243 Romanae
295 1211 411 1257 exponere
429 1196 571 1255 aggreditur,
589 1210 638 1241 rem
656 1196 773 1241 scenicam
788 1196 936 1255 potissimum
952 1205 1111 1255 spectans.-

164 1258 262 1323 [snrtes]
280 1262 324 1307 ‘ad
343 1263 446 1307 laborem
463 1260 534 1306 validi
550 1268 574 1307 et
589 1260 680 1306 seduli!
698 1255 943 1321 Senot-[Condito]
962 1260 1036 1306 Arist.
1053 1261 1111 1306 Eris.
1197 1317 1198 1326 ἵ

164 1326 216 1374 Nic.
228 1327 251 1380 8.
262 1330 287 1377 ll.
304 1322 329 1371 ni
344 1323 449 1388 ἀρχαῖαι
465 1322 553 1371 θυσίαι
568 1322 610 1370 καὶ
627 1320 730 1371 σύνοδοι
746 1324 881 1387 φαίνονται
897 1321 1033 1387 γίγνεσθαι
1046 1324 1112 1386 perd

164 1388 211 1446 τὰς
221 1392 274 1437 τῶν
284 1392 390 1452 καρπῶν
402 1385 554 1453 συγκομιδὰς
565 1385 620 1435 οἷον
634 1387 760 1453 ἀπαρχαί·
776 1384 887 1452 μάλιστα
904 1390 953 1452 γὰρ
970 1387 998 1436 ἐν
1010 1387 1111 1444 τούτοις

164 1452 305 1517 ἔσχόλαζον
321 1455 374 1509 τοῖς
390 1455 533 1518 καιροῖς.-
542 1452 591 1515 [ape
601 1451 670 1515 finir]
689 1455 826 1501 ‘Sententia
840 1463 882 1507 est,
898 1455 1044 1499 tolerabilem
1058 1452 1112 1501 lieri

164 1521 268 1566 laborem
279 1521 364 1566 laboris
379 1520 426 1565 fine
443 1518 575 1580 proposito'
593 1520 677 1579 Porpt.
687 1543 719 1553 —
728 1515 798 1580 [Cum
808 1516 887 1579 emtis]
907 1518 1022 1577 Explica:
1041 1520 1111 1565 ‘euru

165 1584 233 1631 sociis
244 1599 349 1644 operum,
360 1584 385 1630 in
396 1583 478 1644 primis
489 1583 568 1629 liberis
580 1584 701 1642 utriusque
712 1586 783 1629 sextis
794 1591 818 1629 et
829 1585 891 1629 casti
903 1582 1018 1643 conjuge!
1047 1584 1111 1629 liaro

166 1649 228 1695 enim
241 1649 309 1709 prisci
321 1649 355 1694 illl
367 1649 473 1707 agricolae
484 1662 562 1693 servos
572 1647 722 1708 possidebant
736 1656 778 1695 aut
791 1648 910 1708 operarios
919 1648 1112 1694 adhibebaut—
1198 1649 1199 1652 ’

167 1710 308 1775 [Tellurem]
327 1714 401 1759 Varro
418 1712 594 1768 tt.1r.l,l,t.
610 1714 727 1759 duodecim
743 1714 795 1759 deos
811 1721 942 1771 enumerat,
955 1714 997 1773 qul
1013 1716 1111 1761 nori-e

164 1779 317 1840 agricolarum
327 1779 395 1826 duces
405 1784 465 1829 aunt.
500 1778 608 1833 Primum,
625 1779 666 1838 qut
675 1793 749 1825 carnee
758 1774 852 1837 fractas
862 1778 1010 1838 egneenerae
1021 1778 1079 1824 coelo
1088 1785 1112 1825 et

166 1845 230 1889 terre
240 1845 361 1896 continent,
371 1844 448 1889 leuem
459 1849 482 1889 et
494 1842 613 1888 Tellurem.
649 1842 710 1887 Turn
721 1843 799 1888 Solem
812 1850 837 1887 et
848 1842 948 1894 Lunam,
959 1842 1073 1888 Cererem
1087 1850 1112 1888 et

168 1907 286 1963 Liberum,
305 1906 423 1965 Robigum
439 1921 466 1952 ac
483 1906 585 1962 Florem,
603 1906 735 1952 Minervam
753 1914 777 1952 et
788 1907 911 1961 Venerem,
932 1906 1065 1966 Lympham
1083 1921 1112 1953 ac

167 1971 260 2017 Bonum
283 1972 409 2017 Eventum.
421 1996 451 2007 -
464 1966 604 2032 [Siluanum]
631 1970 660 2015 In
680 1970 831 2030 inscriptione
852 1971 980 2015 admodum
1001 1972 1112 2029 suspecti

166 2035 251 2097 (lnscr.
269 2051 300 2081 m.
319 2036 371 2081 Lat.
385 2049 408 2081 n.
427 2034 500 2093 1604)
514 2045 608 2081 vocatur
622 2035 673 2081 Lar
688 2038 794 2097 agrestis,
811 2035 835 2082 in
852 2037 918 2081 certa
933 2032 982 2097 (lb.
997 2050 1021 2081 u.
1034 2032 1111 2098 tatto)
1200 2033 1201 2038 ’

169 2102 317 2149 Conseruntur
333 2101 421 2147 Larum
440 2100 565 2162 Penatium.
575 2096 738 2161 -[Geniunr]
757 2100 805 2147 cn.
817 2100 876 2160 Epp.
888 2100 911 2153 2,
922 2100 946 2155 2,
958 2098 1012 2153 187.
1048 2100 1113 2147 cerr·

166 2166 237 2212 sorim
249 2166 272 2223 3,
286 2166 372 2213 Genius
382 2171 416 2212 est
427 2166 489 2219 deus,
505 2162 570 2225 cujus
586 2166 611 2211 r'n
627 2166 706 2220 rareto,
724 2171 749 2211 et
763 2167 857 2226 quisque
867 2171 935 2211 notes
946 2172 988 2219 est,
998 2166 1112 2217 mettr-

166 2246 181 2277 ο
201 2232 325 2292 gerendo
346 2231 482 2291 appellatur.
518 2230 603 2277 Genius
619 2236 696 2276 oeten
717 2231 752 2276 ito
769 2231 835 2275 nodis
855 2230 961 2275 οιιὶάιιοι
980 2230 1112 2276 obseruator

166 2298 281 2355 oppositus
292 2302 335 2347 est.
347 2302 373 2341 nt
383 2310 411 2341 ne
418 2301 503 2355 puncto
513 2295 603 2355 quidem
614 2295 720 2354 temporis
730 2295 818 2355 longius
829 2295 943 2348 abscedat,
954 2295 995 2339 sert
1005 2296 1037 2339 ιο
1046 2300 1113 2341 erem

165 2363 246 2407 neutris
261 2367 363 2421 exceptos
379 2360 411 2406 od
427 2366 550 2405 extremum
567 2361 620 2405 uitet
639 2360 698 2405 diem
717 2355 1019 2419 comitetur-[mensorem
1037 2359 1112 2405 brevia

165 2420 221 2486 erni]
239 2424 293 2484 lpse
304 2424 396 2484 genius,
405 2424 516 2483 quoniam
529 2437 574 2469 una
586 2437 639 2469 cum
651 2436 686 2477 eo,
698 2437 768 2482 quem
780 2430 877 2477 tutatur,
887 2431 912 2467 et
922 2422 1026 2469 nascitur
1036 2430 1063 2468 et
1071 2422 1111 2469 iu·

165 2488 227 2546 terit,
240 2490 368 2548 eidemque
379 2488 461 2535 laetitiis
472 2498 495 2533 et
506 2487 616 2534 maestitia
626 2484 733 2543 afficitur,
742 2489 790 2547 qui
800 2488 878 2543 homo,
890 2502 937 2531 nou
948 2486 1027 2533 miuus
1038 2501 1113 2546 quam

164 2552 203 2598 hic
215 2560 351 2599 memorent
361 2552 507 2609 breviaritm,
517 2554 613 2613 eJ'usque
625 2566 705 2598 cursus
716 2561 823 2611 utquam
834 2552 988 2611 prosperrime
999 2553 1113 2611 procedat

164 2624 236 2677 optat.

200 2680 253 2735 lto,
266 2680 318 2727 146.
337 2678 503 2743 [Fescennina]
522 2680 660 2735 Pescennio,
671 2679 773 2727 Etruria
790 2679 903 2741 oppidum
921 2694 993 2739 prope
1005 2680 1112 2727 Tiberim

165 2754 223 2800 erat,
243 2745 282 2790 ubi
301 2746 415 2806 nuptialia
433 2747 528 2791 inventa
546 2753 600 2791 sunt
617 2745 728 2791 carmina.
745 2743 823 2805 (Serv.
840 2746 870 2790 ad
887 2745 943 2791 AEu.
959 2743 983 2799 7,
1001 2743 1113 2805 695.)-

167 2806 283 2873 [invento]
308 2811 402 2861 ‘Quum
423 2809 461 2856 bic
480 2824 530 2857 mos
549 2811 640 2855 dierum
660 2810 772 2855 festorum
792 2824 807 2856 a
828 2808 919 2855 rusticis
938 2810 1112 2856 celebratorum

166 2875 238 2921 semel
253 2874 397 2925 invaluissete
412 2889 442 2921 ex
454 2875 497 2921 hoc
508 2889 573 2921 more
583 2874 706 2934 paullatim
716 2888 744 2920 eo
755 2874 870 2934 progressi
882 2881 945 2930 sunt,
961 2881 988 2919 ut
1004 2874 1114 2920 carmina

163 2938 313 3058 {fescennina
332 2939 519 2987 iuvenireut'-
529 2936 662 3001 [opprobrio
678 2934 778 2999 rustico]
795 2938 843 2985 cir.
860 2938 957 2984 omniuo
974 2938 1006 2983 ad
1021 2940 1072 2985 Sat
1089 2939 1113 2996 l,

180 3038 333 3123 'tar-150.
352 3062 519 3129 [recurrentes]
538 3067 679 3128 ‘quotannis
702 3068 785 3113 eodem
804 3066 887 3113 messis
904 3075 1010 3126 tempore
1028 3080 1113 3113 rener-

166 3134 285 3180 teute.'-
292 3127 409 3193 [accepto]
423 3132 429 3155 ‘
435 3142 502 3190 grata
511 3133 640 3189 Romania,’
649 3147 695 3179 non
706 3131 865 3191 ‘recepta'—
873 3128 954 3193 [Lusit
965 3128 1111 3193 enatura]

166 3200 256 3258 ‘jocata
267 3196 362 3244 estsine
374 3197 510 3255 cujunquam
522 3197 658 3253 offensione,
673 3197 770 3243 comiter
786 3211 814 3244 ac
829 3196 912 3255 tacete,
928 3210 970 3241 uec
987 3196 1037 3241 ulla
1052 3195 1112 3243 inde

165 3263 218 3309 rixa
228 3260 361 3309 oriebatur!
370 3284 403 3293 -
412 3257 454 3321 [In
471 3258 569 3323 rabiem]
588 3262 677 3308 ‘Jorus
692 3270 762 3308 antea
777 3260 890 3307 innocens
906 3260 932 3306 iu
949 3260 1039 3307 rabiem
1050 3259 1113 3307 verti

166 3327 243 3388 carpit,
260 3328 319 3373 adeo
336 3333 364 3371 ut
378 3340 449 3372 saeous
466 3324 547 3371 lieret.l
557 3350 589 3359 -
598 3322 664 3387 [Ire]
681 3326 826 3385 ‘impetuose
840 3325 955 3383 graenrt’
964 3348 997 3358 —
1006 3322 1112 3386 [inpane

166 3389 255 3453 minse]
269 3391 348 3437 ‘nulla
359 3390 494 3436 etiamtunc
506 3392 577 3449 poeni
588 3390 683 3440 famosis
693 3390 835 3436 carminibus
847 3389 988 3435 constituti!
1007 3390 1112 3437 ‘Seer

166 3454 207 3502 illi
219 3456 276 3515 legis
289 3456 359 3516 prend
369 3454 482 3510 deterriti,
497 3465 571 3513 poetra
588 3456 619 3500 ad
631 3457 704 3515 jocos,
719 3455 759 3513 qui
771 3455 861 3500 nullam
872 3453 1024 3500 offensionem
1036 3454 1111 3499 babe-

166 3529 226 3574 rent,
243 3520 400 3579 prolerendos,
417 3518 554 3566 nominatim
569 3520 598 3565 ad
616 3519 740 3567 comoedias
754 3519 869 3579 palliatas,
879 3527 977 3578 togatas,
988 3517 1111 3565 Atellanae

166 3585 337 3642 componendas
346 3584 433 3631 redacti
442 3582 512 3631 sunt’

200 3645 333 3695 lot-tot
351 3645 441 3709 [Dente
463 3642 575 3709 torrenti]
600 3646 784 3695 ‘obtrectatione
807 3655 832 3695 et
852 3647 1024 3703 maledicentid,
1054 3661 1109 3707 qun
