2442 4059
178 285 251 354 28⁴1·
511 286 790 336 tarantasmum.
1028 286 1121 352 [zm

184 439 290 501 perpetui
307 438 450 486 affectatione
465 438 525 485 inter
541 453 566 485 se
584 435 884 501 alloquar-[tonando]
903 440 1035 499 ‘obscoena‚
1048 439 1121 499 magis

184 515 239 565 apta
249 506 326 551 mimia
337 519 407 564 quam
417 504 516 563 satyris’
532 506 586 550 Acr.
593 529 625 537 -
633 499 728 565 [equas]
748 504 851 563 ‘equites
861 505 1018 550 Romani'-
1025 502 1120 566 [puter]

185 571 235 616 sinc
253 579 317 629 patre
335 570 382 615 nati
400 569 536 615 dicebantur
554 568 613 614 servi
633 584 659 614 ac
678 568 769 619 liberti:
789 577 844 614 aunt
863 568 935 628 igitur
954 569 1122 628 ‘ingenuil-

186 632 266 696 [sricts'
283 631 374 696 ciceris]
392 629 470 695 δῆμος
487 629 633 694 κυαμοτρὼξ
652 633 768 692 aristoph.
781 634 825 692 aq.
837 633 875 688 tl,
892 634 987 679 infimus
1006 635 1121 694 popellus,

184 699 225 759 qui
237 714 278 759 per
287 701 375 759 plateas
390 698 446 744 talia
460 699 517 744 emit
532 699 607 757 iisque
624 697 692 744 unice
703 698 809 744 rescitur.
842 699 919 745 Nuces
935 700 1122 759 complectuntur

185 764 254 810 etiarn
266 764 382 809 avellanas
393 771 417 808 ct
428 769 553 809 castaneas.

216 827 349 874 ect-asa
368 824 486 889 [Syllaba]
506 828 566 874 Loco
583 826 686 872 maxime
703 833 757 886 apto
773 834 888 886 praecepta
906 827 935 872 de
952 826 1121 875 versificatione

185 893 256 938 tradit
274 892 609 951 vv.251-—275,etquidem
627 892 656 937 de
673 892 750 937 iambo
767 892 941 945 tantummodor
959 906 1015 937 nam
1034 896 1122 939 ceteras

185 971 294 1003 numeros
305 966 402 1003 tractare
411 958 436 1002 in
448 958 491 1003 hac
501 957 598 1017 epistola
608 954 716 1017 putidum
727 955 814 1001 luisset.
832 956 918 1002 Verum
928 972 981 1002 cum
990 958 1020 1003 de
1033 958 1122 1016 legibus

185 1021 256 1067 iambi
268 1036 281 1067 a
293 1022 366 1082 poetis
380 1022 468 1067 Latinis
480 1022 635 1080 negligentius
648 1021 759 1067 elaborati
777 1029 870 1066 acturus
881 1030 949 1073 essct,
960 1021 1025 1067 vafre
1035 1021 1124 1080 incepit

185 1086 453 1211 irlhmh‘lmil‘li
464 1094 667 1197 ‘tttltlt‘tt
675 1098 711 1183 ἑο
719 1084 1123 1211 [lttl‘fttmttltttllt

313 1185 319 1197 ·
347 1184 353 1206 s
403 1185 409 1207 r
454 1185 459 1207 r
662 1183 668 1195 ·

185 1223 220 1271 ut,
232 1231 304 1275 quum
316 1216 363 1261 bini
375 1217 445 1261 iambi
457 1216 481 1260 in
492 1215 610 1275 dipodiam
621 1217 824 1274 conjungerentur,
832 1214 912 1260 salitus
923 1216 1036 1261 dramatis
1044 1230 1122 1263 sersus

185 1283 284 1328 trimetri
299 1281 460 1339 iambics'apud
472 1280 566 1326 Graecos
583 1293 667 1324 nomen
683 1280 804 1338 acciperet,
823 1279 865 1325 etsi
884 1294 924 1324 sex
942 1281 1001 1325 ictus
1013 1277 1122 1343 (ἄρσεις)

185 1345 264 1405 habet,
280 1347 341 1391 unde
354 1345 442 1391 Latinis
458 1354 493 1390 est
508 1343 628 1391 senarius!
637 1341 780 1405 -[Prs'rnus
795 1346 828 1390 ad
842 1342 977 1405 extremum]
996 1345 1122 1404 ‘Aprimo

186 1424 259 1469 usque
273 1411 303 1455 ad
320 1420 411 1455 sextum
423 1410 505 1469 pedem
520 1409 602 1455 iambis
616 1408 738 1465 constans,'
754 1418 780 1454 ut
791 1408 873 1469 Eurip.
887 1410 956 1455 llere.
967 1409 1013 1456 fur.
1025 1408 1081 1466 b33,
1092 1408 1122 1456 Τί

185 1470 245 1537 prim
263 1473 311 1522 riv’
322 1472 347 1530 tc
359 1471 489 1537 ταραγμὸν
501 1470 600 1535 ἥκομεν,
614 1467 711 1535 τάττῃ

218 1540 272 1586 aba
290 1537 346 1602 [non
363 1542 397 1585 s'tc
411 1535 512 1599 pridem]
530 1539 646 1597 quomodo
662 1536 829 1597 explicabimus
844 1552 882 1583 rr.
900 1554 943 1584 noa
961 1540 997 1585 a'ta
1013 1539 1121 1599 pride-t

187 1604 247 1651 Nam
258 1614 281 1649 et
291 1606 315 1649 in
327 1603 493 1663 antiquissimis
509 1602 619 1648 trimetris
630 1601 719 1648 Graecis
730 1600 764 1660 (a.
776 1602 907 1649 Archiloch
920 1604 958 1648 rr.
973 1603 1038 1649 Lieb.
1049 1619 1072 1663 p.
1082 1604 1121 1659 57.

186 1666 291 1715 nomer
302 1663 327 1714 δὲ
339 1667 472 1715 τίνωνκαὶ
484 1666 638 1729 χαλίκρητον
648 1663 720 1728 μέθυ,
731 1664 784 1727 ha.)
792 1669 842 1726 jam
854 1667 1001 1727 reperiuntur
1013 1669 1108 1727 spondei
1113 1686 1120 1724 ;

186 1734 248 1779 unde
260 1734 361 1788 suerunt,
370 1734 410 1793 qni
422 1732 467 1779 hac
478 1733 507 1777 de
518 1733 598 1793 primia
608 1732 702 1791 tragicis
712 1732 801 1781 Latinis
811 1731 899 1777 dictum
907 1733 1066 1791 opinarentur,
1076 1747 1122 1778 noa

186 1797 295 1857 inspectis
308 1797 366 1843 Livii
377 1798 504 1843 Andronici
515 1805 538 1842 ct
550 1795 625 1842 Navii
636 1795 740 1855 reliquiis
750 1810 826 1855 neque
836 1798 983 1842 attendentes
993 1798 1022 1841 ad
1034 1812 1055 1843 r.
1066 1798 1121 1852 Μ,

187 1862 226 1907 abi
245 1871 338 1922 propter
357 1862 452 1922 spondei
471 1862 568 1907 nimium
589 1875 656 1906 usum
675 1861 852 1921 reprehenditur
869 1861 920 1920 ipse
940 1870 1005 1922 pater
1023 1862 1121 1907 Ennius.

187 1926 274 1973 Verum
285 1928 403 1973 enimvero
413 1925 484 1972 iambi
497 1926 617 1972 historiam
628 1924 694 1971 nohis
705 1926 776 1971 tradit
788 1926 898 1971 Horatius
908 1941 956 1972 non
968 1935 995 1971 ut
1004 1940 1120 1985 gramma-

186 1990 253 2047 ticus,
264 1992 305 2037 sed
317 2000 342 2037 ut
353 2000 435 2051 poetas
454 1991 540 2040 ‘Quod
550 1992 580 2037 ad
594 1987 702 2053 Scopius
716 2000 740 2036 et
756 1990 830 2049 legem
846 1990 915 2051 hujus
927 2006 1006 2036 versus
1023 1991 1121 2045 attinea’

186 2055 271 2115 inquit,
283 2057 345 2102 ‘esse
357 2057 454 2101 debebat
466 2067 535 2115 atque
546 2055 614 2101 initio
625 2056 722 2103 fortasse
733 2054 777 2100 fuit
786 2055 891 2101 senarius
901 2070 981 2115 purus,
996 2064 1023 2101 ut
1037 2051 1122 2117 Πάτερ

188 2116 321 2183 horripilo,
337 2121 412 2167 ποῖον
425 2115 521 2183 ippa'au
538 2115 607 2175 rdde3
624 2120 666 2165 sed
683 2118 812 2179 paullatim,
831 2134 877 2179 quo
894 2120 987 2179 gravior
1006 2120 1122 2174 eraderet,

186 2184 285 2232 invaluit
301 2200 358 2241 mos,
374 2194 401 2231 ut
416 2185 509 2231 aedibus
526 2183 654 2245 imparibus
669 2184 810 2244 reciperetur
826 2184 897 2230 etiam
913 2184 1045 2243 spondeus!
1079 2185 1122 2231 Vr.

186 2258 264 2296 autem
276 2266 318 2297 aon
329 2252 363 2297 itu
375 2251 471 2310 pridem,
489 2257 514 2295 ut
530 2264 591 2310 saepe
606 2264 686 2310 nuper,
703 2247 837 2308 accipienda
847 2258 902 2296 sunt
913 2250 942 2295 de
952 2257 1057 2308 tempore
1067 2249 1121 2297 ind·

187 2314 244 2370 aito,
255 2316 317 2375 quod
329 2315 358 2370 ci,
370 2314 410 2374 qui
422 2315 531 2375 loquitur,
545 2328 598 2359 cum
610 2313 674 2359 omni
684 2328 734 2359 ero
745 2321 902 2372 comparatum
913 2321 1007 2374 propter
1016 2316 1121 2373 qualem·

187 2394 279 2438 cunque
290 2380 403 2426 rationem
415 2379 507 2426 brevius
518 2394 587 2438 quam
600 2377 696 2430 fortasse
707 2377 747 2423 alil
757 2378 856 2424 videtur.

219 2444 352 2491 256-258.
371 2440 487 2505 [stabiles]
505 2445 660 2503 Oppanuutur
668 2442 765 2502 spondei
775 2442 858 2488 iambis
869 2442 973 2488 motoriia
983 2451 1054 2502 atque
1064 2443 1122 2489 aele-

188 2506 258 2555 ribus.
266 2532 300 2543 -
309 2506 346 2569 [ia
352 2507 411 2569 jura
424 2504 533 2569 paterna]
552 2516 607 2554 sunt
620 2510 675 2567 Jura
685 2507 828 2569 singularum
840 2507 940 2553 filiorum
951 2508 976 2552 in
988 2507 1122 2553 universum

183 2574 232 2633 jus,
251 2574 314 2632 quod
336 2581 401 2633 pater
420 2574 467 2619 vita
485 2573 606 2618 defunctus
626 2581 728 2632 tempore
751 2571 830 2617 mortis
848 2571 955 2617 habebat
988 2573 1122 2632 ‘Spondsus

187 2646 304 2683 consortes
314 2637 358 2683 sibi
370 2636 429 2693 lecit,
445 2637 582 2697 quibuscum
593 2637 657 2682 velut
667 2635 819 2682 hereditatem
831 2644 951 2696 paternam
961 2637 1084 2683 cernerea'
1091 2660 1122 2670 -

189 2698 492 2761 [Commodus1‘l'aciliaac
511 2702 634 2760 benignus,
652 2716 699 2746 nun
721 2709 799 2747 nmen
815 2701 848 2746 lta
867 2710 893 2747 ut
907 2701 963 2747 item
982 2701 1012 2746 de
1031 2702 1123 2747 aedibus

187 2767 282 2826 paribus
292 2767 404 2813 cederetc'
417 2781 487 2827 quam
499 2767 573 2825 legem
585 2780 705 2825 nunquam
716 2764 845 2823 migrarunt
854 2762 1120 2826 Graeci-[socialiter]
1192 2788 1197 2798 ·

188 2830 267 2940 Perpit
280 2831 304 2875 in
323 2827 514 2894 rrpocuroirosip
530 2830 617 2876 iambi:
635 2831 676 2876 ‘ut
687 2831 850 2876 decctbcnum
861 2830 963 2875 socium!
998 2832 1041 2877 Est
1052 2824 1122 2883 ἅπαξ

185 2894 213 2942 λε
265 2909 331 2941 ενον.

216 2911 353 3014 ἑᾶς-262.
371 2955 444 3020 [Hic]
469 2960 531 3006 ‘Hic
557 2958 649 3005 iambus
674 2973 727 3006 rara
748 2958 863 3019 reperitur
888 2958 951 3019 apud
973 2958 1080 3005 Ennium
1100 2965 1123 3004 ct

188 3024 284 3071 Accium
303 3024 327 3069 in
346 3026 401 3070 aede
420 3026 521 3070 secundd
538 3032 562 3070 et
575 3024 682 3083 quartda’
699 3037 772 3083 quum
788 3024 868 3082 tragici
887 3024 963 3069 Latini
979 3034 1084 3084 persepe
1099 3023 1123 3071 id

188 3103 261 3135 unum
273 3096 398 3142 servarent,
410 3098 435 3133 ut
447 3088 471 3134 in
482 3090 550 3134 sexta
560 3097 666 3135 maneret
680 3088 786 3135 iambus:
804 3088 909 3146 (Ennius
921 3089 983 3133 Med.
996 3104 1018 3147 p.
1029 3089 1070 3143 οἳ,
1083 3089 1132 3135 lia·

187 3156 259 3215 Argo,
271 3156 317 3215 qud
326 3154 384 3199 oects'
395 3154 477 3213 Argivi
487 3154 568 3201 delecti
578 3152 682 3213 oiri.)-
689 3150 836 3215 [Nobilibus]
855 3155 928 3211 ‘quoa
939 3153 1013 3198 nostri
1023 3153 1122 3212 aequales

188 3228 308 3280 tantopere
330 3216 439 3263 admirari
461 3218 560 3263 solent:¹
586 3233 633 3263 non
655 3218 705 3264 sine
726 3214 994 3281 ripuaria—[missos]
1017 3218 1121 3264 relutie

187 3283 278 3331 batista.
312 3284 373 3328 Nota
389 3281 458 3341 hujus
475 3297 553 3328 versus
573 3283 695 3342 spondeos,
715 3283 799 3342 quibua
820 3282 913 3341 egregie
931 3281 1037 3327 imitatur
1056 3282 1121 3327 nimis

189 3362 270 3407 graves
283 3348 354 3394 Ennii
370 3344 643 3408 senarios-[crimine]
661 3348 772 3393 ‘lambns
789 3360 818 3393 ex
837 3347 931 3393 sedibus
946 3346 995 3392 suis
1012 3346 1121 3407 expulsus

188 3413 252 3459 reiut
262 3422 379 3459 accusator
391 3410 506 3457 convincit
518 3411 590 3457 Ennii
601 3412 697 3467 uersam,⁸
709 3413 751 3457 dac.

220 3476 275 3523 263.
292 3474 357 3538 [Noa
374 3471 460 3537 quiuis]
479 3476 545 3521 ‘Non
566 3476 642 3535 quivis
660 3476 753 3522 auditor
770 3485 817 3523 tatu
833 3483 939 3521 accurate
960 3474 1121 3521 animadvertit

188 3540 292 3597 rhythmi
304 3541 366 3594 vitia,
385 3548 410 3585 ut
421 3547 514 3599 propter
526 3540 574 3585 haec
590 3550 662 3586 totam
673 3541 774 3586 fabulam
785 3541 909 3600 explodatc
926 3540 1027 3599 ideoque
1038 3539 1119 3587 iactam

188 3611 231 3661 eat,
242 3612 268 3649 ut
277 3604 367 3650 Latinis
377 3604 451 3664 poetis
459 3605 623 3651 concederetur
634 3605 666 3662 id,
673 3606 737 3665 quod
745 3604 829 3652 Atticis
839 3620 958 3664 nunquam
966 3605 1118 3651 condonatam

187 3667 262 3714 soret!
