2442 4059
170 260 213 325 38
449 274 648 319 surranauru
671 273 737 317 nra.
754 274 792 317 11.
806 259 837 318 3.

172 427 265 493 Mille
280 428 382 491 ovium
398 426 522 491 insanus
537 426 628 491 morti
642 425 736 502 dedit,
752 426 902 511 inclytum
921 427 1040 492 Ulixen

174 516 215 579 Et
232 514 412 577 Menelaum
429 536 490 577 una
504 534 624 576 mecum
639 535 672 575 se
686 512 825 576 occidere
840 514 983 578 olamans.

172 601 224 663 Tu
240 622 335 685 quum
350 622 406 685 pro
422 598 517 663 vituli
532 599 640 663 statuis
655 598 775 662 dulcem
792 598 906 663 Aulide
921 611 1023 664 natam

173 689 256 750 Ante
271 708 347 760 aras,
363 686 542 770 spargisque
555 686 636 749 moli
648 697 749 770 capot,
765 685 914 770 improbe,
927 686 1015 763 salsi,
1038 691 1104 752 200

174 772 306 835 Rectum
318 771 412 835 animi
420 769 550 835 servas?
573 770 755 846 Quorsum?
782 771 912 835 Insanus
928 772 1002 857 quid
1018 773 1104 837 euim

258 858 340 921 A'ax

172 943 270 1019 Fecit,
285 880 381 1027 iluum
396 944 501 1008 stravit
515 943 595 1007 ferro
611 940 728 1027 pecus?
751 939 911 1007 Abstinuit
924 944 986 1007 vim

172 1028 280 1093 Uxore
296 1043 327 1093 et
341 1044 444 1117 gnato,
461 1030 540 1093 mala
554 1030 650 1092 multa
665 1041 805 1114 precatus
819 1029 945 1094 Atridis.

171 1115 243 1179 Non
261 1116 312 1179 ille
326 1127 380 1179 aut
395 1116 562 1191 Teucrum,
577 1131 631 1179 eut
646 1115 746 1200 ipsum
761 1114 887 1179 violavit
905 1115 1033 1180 Ulixen.

171 1202 287 1265 Verum
304 1225 372 1288 ego,
384 1213 419 1266 ut
433 1201 583 1266 lraerentes
596 1201 724 1265 adverso
738 1201 770 1263 in
787 1201 875 1264 litore
890 1224 984 1266 naves
1037 1207 1102 1265 205
1217 1279 1218 1286 ¹

170 1286 341 1374 Eriperem,
357 1287 491 1373 prudens
506 1286 623 1372 placavi
637 1287 787 1372 sanguine
803 1287 897 1351 divos.

170 1373 293 1460 Nempe
310 1386 372 1451 tuo,
388 1373 511 1437 furiose.
558 1372 644 1451 Meo,
660 1374 790 1437 sednon
806 1374 948 1439 furiosus.

170 1459 235 1535 Qui
251 1460 369 1561 species
383 1460 456 1523 alias
471 1460 535 1523 veri
551 1459 736 1545 scelerisque
750 1460 886 1523 tumultu

170 1546 343 1611 Permixtas
357 1545 466 1632 capiet,
484 1560 653 1609 commotus
668 1545 848 1621 habebitur3
870 1558 974 1631 atque,

170 1632 348 1697 Stultitirlne
363 1645 453 1708 erret,
470 1632 600 1695 nihilum
615 1631 748 1708 distabit,
764 1654 804 1694 au
822 1632 878 1695 irs.
1035 1636 1099 1695 210

170 1719 251 1803 Ajax
267 1740 361 1803 quum
378 1718 543 1781 immeritos
558 1717 679 1794 occidit,
695 1717 817 1803 desipit,
833 1716 953 1804 agnos?

168 1802 277 1878 Quum
292 1805 425 1889 prudens
439 1804 537 1867 scelus
552 1804 591 1867 ob
605 1803 710 1867 titulos
724 1804 860 1868 admittis
874 1804 991 1879 inanes,

169 1891 238 1954 Stas
252 1889 354 1953 animo
365 1888 439 2039 ??et
458 1910 570 1975 purum
591 1905 638 1953 est
661 1889 736 1953 vitio
753 1890 819 1967 tibi,
836 1912 931 1975 quum
947 1889 1100 1954 tumidum

250 1988 306 2051 est,
323 1998 374 2039 cor

169 2062 202 2126 Si
217 2062 286 2147 quis
301 2061 410 2127 lecticis
424 2061 549 2125 nitidam
565 2074 686 2148 gestare
700 2072 783 2126 amet
796 2082 918 2146 agnam,

167 2148 253 2212 Huic
264 2161 378 2212 vestem
393 2159 427 2210 ut
437 2160 539 2297 puatae
549 2160 644 2233 paret,
656 2148 781 2211 ancillas
792 2160 889 2232 paret,
901 2172 1018 2226 aurum,
1034 2154 1099 2214 215

59 2276 61 2283 ·
169 2234 281 2299 Rufam
297 2249 350 2299 aut
367 2234 440 2297 Pusi
454 2234 512 2297 lam
528 2234 674 2320 appellet,
691 2234 826 2319 fortique
841 2235 951 2300 marito

166 2321 315 2387 Destinet
329 2342 474 2396 uxorem3
497 2320 661 2384 interdicto
675 2320 747 2383 huic
761 2342 852 2383 omne
866 2320 981 2385 adimat
991 2322 1044 2407 jus

169 2407 295 2483 Praetor,
313 2407 395 2472 etad
411 2428 499 2471 sanos
514 2406 603 2471 abeat
619 2406 716 2470 tutela
729 2406 927 2492 propinquos.

167 2492 279 2568 Quid?
300 2494 325 2557 si
340 2492 409 2577 quis
424 2506 548 2579 gnatam
562 2512 618 2578 pro
633 2493 717 2557 muti
732 2492 864 2555 devoret
877 2493 968 2578 agnei,

168 2578 294 2665 Integer
309 2590 356 2643 est
369 2576 489 2641 animi?
522 2578 571 2641 Ne
586 2578 711 2641 dixeris.
746 2577 841 2662 Ergo,
858 2578 910 2641 ubi
926 2584 1097 2665 prara220

168 2664 313 2743 Stultitia,
330 2664 379 2727 hio
394 2676 440 2728 est
453 2684 571 2727 summa
585 2663 722 2727 insania:
746 2665 799 2749 qui
814 2663 988 2743 sceleratus,

168 2749 210 2814 Et
224 2752 354 2814 furiosus
369 2750 442 2825 erit3
466 2772 559 2834 quem
575 2750 659 2834 cepit
672 2750 771 2813 vitrea
784 2750 874 2825 fama,

168 2836 263 2900 Hunc
277 2836 493 2901 circumtonuit
507 2835 646 2922 gaudens
662 2835 793 2900 Bellona
807 2838 950 2901 cruentis.

168 2922 246 2987 Haec
260 2922 334 2985 milri
351 2922 516 2986 Stertinius
530 2922 701 3007 sapientum
717 2934 842 2986 octavus
856 2923 954 2987 amico

76 3024 80 3035 ·
167 3011 264 3071 Arma
277 3008 370 3084 dedit,
389 3008 513 3093 posthac
528 3031 567 3071 ne
582 3008 781 3094 compellerer
795 3008 920 3073 inultus.
1031 3013 1096 3073 225

166 3093 293 3158 Dixerit
307 3094 446 3157 insanum
462 3093 515 3179 qui
531 3116 590 3170 me,
607 3094 735 3158 totidem
749 3094 869 3171 audiet3
891 3106 985 3179 atque

168 3180 336 3266 Respicere
351 3179 458 3265 ignoto
472 3180 568 3243 discet
582 3181 748 3265 pendentia
762 3192 859 3265 tergo.

168 3267 280 3342 Stoice,
298 3277 366 3352 post
380 3262 524 3329 damnum
539 3266 583 3329 sic
596 3266 711 3330 vendas
725 3267 828 3329 omnia
842 3266 955 3351 pluris:

166 3352 238 3426 Qus
254 3376 302 3416 me
317 3351 446 3415 stultitia
463 3352 623 3435 (quoniam
637 3374 699 3415 non
714 3366 762 3417 est
775 3373 874 3437 genus
889 3354 999 3435 uuum)

167 3437 305 3501 Insanire
320 3435 433 3523 putas?
455 3459 514 3521 ego
529 3459 599 3499 uam
615 3436 720 3501 videor
734 3438 807 3500 milri
822 3460 924 3501 sanus.
1030 3442 1094 3501 230

166 3522 276 3597 Quid?
298 3535 389 3609 caput
402 3521 565 3585 abscissum
581 3523 721 3585 manibus
736 3546 830 3607 quum
846 3536 947 3607 portat
963 3525 1073 3610 Agave

167 3608 263 3672 Gnati
278 3608 417 3684 infelicis,
433 3606 490 3671 sibi
507 3619 570 3671 tum
586 3608 700 3671 furiosa
714 3609 856 3673 videtur?
