2442 4059
172 251 215 310 44
447 264 646 311 snrrnnnuru
668 262 735 305 ure.
751 263 789 309 11.
803 248 833 308 5.

177 415 256 481 Filia
271 416 401 490 Nasicae,
418 414 582 480 metuentis
597 414 724 479 reddere
739 415 868 478 eoldum.
1067 410 1110 480 6'5

175 503 259 566 Tum
274 526 371 587 gener
386 502 443 565 hoc
457 501 566 565 faciet:
590 502 707 565 tabulas
721 523 826 564 socero
840 500 934 578 dabit,
950 512 1045 587 atque

176 588 224 652 Ut
240 588 331 673 legat,
348 588 462 652 orabit:
487 588 617 651 multum
635 588 746 651 Nasica
760 600 886 671 negatas

177 673 320 758 Accipiet
335 674 457 737 tandem
473 687 505 737 et
519 674 628 737 tacitus
642 673 742 759 leget3
765 672 963 758 invenietque

176 759 231 823 Nil
247 760 304 822 sibi
320 760 466 845 legatum,
482 771 593 845 praeter
607 758 736 845 plorare,
752 758 887 843 suisque.
943 789 945 793 ·

177 844 258 909 Illud
273 846 311 908 ad
327 847 391 909 baec
398 846 512 930 jubeo:
537 845 647 908 mulier
660 845 686 908 si
701 845 779 908 forte
794 844 897 908 dolosa
1070 851 1112 910 70

177 930 361 996 Libertusve
376 955 480 997 senem
496 931 626 995 delirum
642 943 801 1014 temperet,
817 930 878 994 illis

178 1019 316 1082 Accedas
331 1018 448 1081 socius:
472 1017 586 1092 landes,
602 1016 734 1081 lauderis
749 1028 783 1079 ut
796 1017 915 1084 absens.

179 1102 236 1168 Me
262 1104 454 1253 beflebflwd’
482 1103 591 1179 dicam,
615 1103 817 1167 factumest:
853 1108 942 1166 Anus
970 1103 1113 1190 improba

316 1213 332 1253 e
356 1212 380 1253 rs

179 1274 230 1338 Ex
246 1286 429 1339 testamento
444 1274 487 1339 sic
503 1286 549 1338 est
564 1274 660 1349 elata:
687 1274 816 1339 cadaver

180 1362 318 1426 Unctum
334 1362 401 1426 oleo
417 1362 502 1446 largo
516 1361 606 1424 nudis
622 1360 756 1424 humeris
771 1362 842 1425 tulit
856 1361 970 1426 baeres:
1068 1365 1110 1424 75

181 1448 307 1511 Scilicet
321 1448 400 1511 elabi
415 1447 440 1511 si
455 1459 559 1533 posset
574 1460 711 1523 mortua;
735 1448 836 1524 credo,

180 1534 273 1608 Quod
289 1533 416 1597 nimium
432 1534 584 1598 institerat
598 1533 723 1597 viventi.
770 1532 888 1597 Cautus
901 1532 1001 1597 adito:

180 1620 253 1683 Neu
269 1620 348 1684 desis
364 1642 474 1706 operae,
492 1638 570 1683 neve
585 1619 801 1683 immoderatus
816 1619 962 1683 abundes.

181 1705 348 1769 Difficilem
364 1720 396 1770 et
411 1728 561 1770 morosum
578 1705 714 1769 offendes
728 1706 877 1791 garrulus.
923 1705 1017 1769 Ultro

180 1790 254 1855 Non
270 1793 361 1857 etiam
377 1792 475 1856 sileas.
520 1791 629 1854 Davus
643 1790 684 1854 sis
698 1791 842 1866 comicus,
857 1803 951 1875 atque
1068 1794 1109 1854 80

183 1878 253 1941 Stes
268 1879 367 1961 capite
383 1870 513 1962 obstipo,
530 1876 660 1939 multum
675 1875 782 1940 similis
796 1878 954 1941 metuenti.

182 1962 343 2048 Obsequio
357 1985 511 2049 grassare:
535 1984 637 2038 mone,
653 1961 679 2026 si
693 1962 846 2027 increbuit
859 1986 941 2040 aura,

182 2049 300 2113 Cautus
317 2050 361 2113 uti
375 2049 457 2113 velet
471 2070 576 2115 carum
590 2063 698 2132 caput:
720 2049 847 2113 extrahe
861 2049 949 2113 turbrl

182 2134 342 2221 Oppositis
358 2134 510 2198 humeris:
533 2156 638 2198 aurem
652 2134 826 2221 substringe
841 2134 969 2219 loquaci.

182 2220 380 2307 Importunus
394 2233 476 2285 amat
490 2220 624 2285 laudari:
644 2220 752 2299 donee,
769 2221 841 2284 Ohe
851 2221 916 2305 jam
931 2221 938 2285 l
1070 2224 1112 2285 85

182 2308 234 2370 Ad
250 2308 362 2372 coelum
377 2306 516 2371 manibus
530 2306 668 2383 sublatis,
685 2306 807 2383 dixerit,
824 2330 909 2393 urge,
926 2319 959 2371 et

185 2392 384 2457 Crescentem
400 2393 525 2457 tumidis
539 2392 615 2457 infla
628 2393 819 2457 sermonibus
835 2406 944 2458 utrem.

184 2478 291 2553 Quum
307 2492 337 2543 te
351 2479 476 2545 servitio
490 2480 584 2563 longo
599 2480 733 2563 eurique
749 2479 867 2555 levarit,

183 2562 228 2628 Et
242 2579 358 2628 certum
374 2564 514 2650 vigilans,
533 2564 660 2639 Quartae
675 2577 741 2628 esto
754 2564 848 2648 partis
866 2564 987 2641 Ulixes,

183 2650 338 2727 Audieris,
354 2651 467 2723 baeresr
491 2673 565 2737 ergo
580 2674 662 2714 nune
677 2650 780 2714 Darna
792 2650 903 2713 sodalis
1071 2655 1113 2714 90

184 2734 345 2821 Nusquam
355 2736 425 2801 est?
440 2739 520 2800 unde
537 2737 610 2800 mibi
627 2752 687 2799 tam
700 2736 819 2809 fortem,
833 2747 956 2820 tamque
968 2734 1114 2799 fidelem?

186 2823 304 2907 Sparge
318 2822 465 2887 subinde:
482 2829 529 2900 et,
545 2823 570 2886 si
586 2821 710 2908 paulum
726 2834 813 2904 potes
828 2820 1027 2897 illacrimare3
1050 2834 1098 2886 est

185 2908 309 2973 Gaudia
324 2911 504 2995 prodentem
520 2909 639 2973 vultum
653 2907 761 2970 celare.
808 2907 1000 2991 Sepulcrum,

186 2994 373 3058 Permissum
389 2995 522 3072 arbitrio,
539 2995 604 3058 sine
618 2992 757 3057 sordibus
772 3006 914 3057 exstrue:
930 2993 1023 3055 funus

186 3078 325 3165 Egregie
340 3081 453 3145 factum
469 3080 572 3145 laudet
587 3079 707 3142 vicinia.
753 3079 789 3142 Si
803 3078 872 3163 quis
1075 3083 1117 3141 95

187 3164 280 3229 Forte
296 3166 487 3231 cohaeredum
502 3165 603 3230 senior
619 3165 697 3227 male
713 3165 830 3239 tussiet,
846 3163 918 3227 huic
933 3174 967 3227 tu

187 3250 262 3333 Dic,
277 3274 316 3315 ex
333 3265 418 3337 parte
434 3253 485 3315 tub
501 3274 556 3316 seu
571 3250 658 3313 fundi
673 3249 737 3315 sive
753 3251 860 3314 domus
875 3250 914 3313 sit

187 3336 328 3423 Emptor‚
344 3337 528 3423 gaudentem
545 3359 671 3400 nummo
686 3349 717 3401 te
731 3335 881 3401 addicere.
928 3333 989 3398 Sed
1005 3356 1054 3397 me

187 3422 356 3510 imperiosa
371 3423 463 3489 trahit
480 3422 680 3509 Proserpina:
704 3423 784 3500 vive,
800 3421 939 3506 valeque.
