<?xml version="1.0" encoding="UTF-8"?>
<!DOCTYPE html PUBLIC "-//W3C//DTD XHTML 1.0 Transitional//EN"
    "http://www.w3.org/TR/xhtml1/DTD/xhtml1-transitional.dtd">
<html xmlns="http://www.w3.org/1999/xhtml" xml:lang="en" lang="en">
 <head>
  <title>
</title>
<meta http-equiv="Content-Type" content="text/html;charset=utf-8" />
  <meta name='ocr-system' content='tesseract 3.04.00' />
  <meta name='ocr-capabilities' content='ocr_page ocr_carea ocr_par ocr_line ocrx_word'/>
</head>
<body>
  <div class='ocr_page' id='page_1' title='image "./ecloghoratianad00flacgoog_0112.png"; bbox 0 0 2442 4059; ppageno 0'>
   <div class='ocr_carea' id='block_1_1' title="bbox 155 245 833 308">
    <p class='ocr_par' dir='ltr' id='par_1_1' title="bbox 155 245 833 308">
     <span class='ocr_line' id='line_1_1' title="bbox 155 245 833 308; baseline -0.001 -1"><span class='ocrx_word' id='word_1_1' title='bbox 155 245 216 308; x_wconf 81' lang='lat'><strong>104</strong></span> <span class='ocrx_word' id='word_1_2' title='bbox 424 261 588 306; x_wconf 74' lang='lat' dir='ltr'><strong>uersuum</strong></span> <span class='ocrx_word' id='word_1_3' title='bbox 611 261 657 304; x_wconf 79' lang='lat' dir='ltr'><strong>en</strong></span> <span class='ocrx_word' id='word_1_4' title='bbox 679 259 833 306; x_wconf 78' lang='lat' dir='ltr'><strong>meones.</strong></span> 
     </span>
    </p>
   </div>
   <div class='ocr_carea' id='block_1_2' title="bbox 152 412 1101 1446">
    <p class='ocr_par' dir='ltr' id='par_1_2' title="bbox 154 412 906 499">
     <span class='ocr_line' id='line_1_2' title="bbox 154 412 906 499; baseline -0.003 -21"><span class='ocrx_word' id='word_1_5' title='bbox 154 414 278 478; x_wconf 87' lang='lat' dir='ltr'>Nomen</span> <span class='ocrx_word' id='word_1_6' title='bbox 295 412 433 491; x_wconf 87' lang='lat' dir='ltr'><strong>iambeis,</strong></span> <span class='ocrx_word' id='word_1_7' title='bbox 451 437 547 499; x_wconf 92' lang='lat' dir='ltr'><strong>quum</strong></span> <span class='ocrx_word' id='word_1_8' title='bbox 563 436 654 478; x_wconf 87' lang='lat' dir='ltr'><strong>senos</strong></span> <span class='ocrx_word' id='word_1_9' title='bbox 669 414 813 478; x_wconf 86' lang='lat' dir='ltr'><strong>redderet</strong></span> <span class='ocrx_word' id='word_1_10' title='bbox 827 413 906 477; x_wconf 91' lang='lat' dir='ltr'><strong>ictus</strong></span> 
     </span>
    </p>

    <p class='ocr_par' dir='ltr' id='par_1_3' title="bbox 152 499 1101 758">
     <span class='ocr_line' id='line_1_3' title="bbox 153 499 1032 584; baseline 0 -21"><span class='ocrx_word' id='word_1_11' title='bbox 153 499 278 563; x_wconf 88' lang='lat' dir='ltr'><strong>Primus</strong></span> <span class='ocrx_word' id='word_1_12' title='bbox 292 500 329 563; x_wconf 90' lang='lat' dir='ltr'><strong>ad</strong></span> <span class='ocrx_word' id='word_1_13' title='bbox 346 514 520 563; x_wconf 82' lang='lat' dir='ltr'><strong>extremum</strong></span> <span class='ocrx_word' id='word_1_14' title='bbox 537 500 647 563; x_wconf 90' lang='lat' dir='ltr'><strong>similis</strong></span> <span class='ocrx_word' id='word_1_15' title='bbox 661 501 739 565; x_wconf 87' lang='lat' dir='ltr'><strong>sibi:</strong></span> <span class='ocrx_word' id='word_1_16' title='bbox 764 523 825 563; x_wconf 93' lang='lat' dir='ltr'><strong>non</strong></span> <span class='ocrx_word' id='word_1_17' title='bbox 842 500 886 564; x_wconf 88' lang='lat' dir='ltr'><strong>ita</strong></span> <span class='ocrx_word' id='word_1_18' title='bbox 901 499 1032 584; x_wconf 83' lang='lat' dir='ltr'><strong>pridem,</strong></span> 
     </span>
     <span class='ocr_line' id='line_1_4' title="bbox 152 586 1101 672; baseline 0 -22"><span class='ocrx_word' id='word_1_19' title='bbox 152 586 287 650; x_wconf 88' lang='lat' dir='ltr'><strong>Tardior</strong></span> <span class='ocrx_word' id='word_1_20' title='bbox 303 598 336 648; x_wconf 89' lang='lat' dir='ltr'><strong>ut</strong></span> <span class='ocrx_word' id='word_1_21' title='bbox 350 586 455 669; x_wconf 88' lang='lat' dir='ltr'><strong>paullo</strong></span> <span class='ocrx_word' id='word_1_22' title='bbox 469 587 656 672; x_wconf 83' lang='lat' dir='ltr'><strong>graviorque</strong></span> <span class='ocrx_word' id='word_1_23' title='bbox 672 587 793 651; x_wconf 90' lang='lat' dir='ltr'><strong>veniret</strong></span> <span class='ocrx_word' id='word_1_24' title='bbox 806 586 845 659; x_wconf 85' lang='lat' dir='ltr'><strong>ad</strong></span> <span class='ocrx_word' id='word_1_25' title='bbox 859 609 960 662; x_wconf 88' lang='lat' dir='ltr'><strong>aures,</strong></span> <span class='ocrx_word' id='word_1_26' title='bbox 1037 590 1101 650; x_wconf 78' lang='lat'><strong>255</strong></span> 
     </span>
     <span class='ocr_line' id='line_1_5' title="bbox 154 671 863 758; baseline -0.001 -23"><span class='ocrx_word' id='word_1_27' title='bbox 154 672 315 756; x_wconf 88' lang='lat' dir='ltr'><strong>Spondeos</strong></span> <span class='ocrx_word' id='word_1_28' title='bbox 330 671 454 735; x_wconf 87' lang='lat' dir='ltr'><strong>stabiles</strong></span> <span class='ocrx_word' id='word_1_29' title='bbox 469 675 501 735; x_wconf 92' lang='lat' dir='ltr'><strong>in</strong></span> <span class='ocrx_word' id='word_1_30' title='bbox 513 674 586 757; x_wconf 88' lang='lat' dir='ltr'><strong>jura</strong></span> <span class='ocrx_word' id='word_1_31' title='bbox 601 685 730 757; x_wconf 90' lang='lat' dir='ltr'><strong>paterna</strong></span> <span class='ocrx_word' id='word_1_32' title='bbox 744 672 863 758; x_wconf 86' lang='lat' dir='ltr'><strong>recepit</strong></span> 
     </span>
    </p>

    <p class='ocr_par' dir='ltr' id='par_1_4' title="bbox 153 757 973 1016">
     <span class='ocr_line' id='line_1_6' title="bbox 153 757 973 843; baseline 0.001 -22"><span class='ocrx_word' id='word_1_33' title='bbox 153 757 344 821; x_wconf 88' lang='lat' dir='ltr'><strong>Commodus</strong></span> <span class='ocrx_word' id='word_1_34' title='bbox 359 769 392 820; x_wconf 87' lang='lat' dir='ltr'><strong>et</strong></span> <span class='ocrx_word' id='word_1_35' title='bbox 407 758 543 843; x_wconf 87' lang='lat' dir='ltr'><strong>patiens;</strong></span> <span class='ocrx_word' id='word_1_36' title='bbox 567 781 629 820; x_wconf 94' lang='lat' dir='ltr'><strong>non</strong></span> <span class='ocrx_word' id='word_1_37' title='bbox 647 772 681 823; x_wconf 93' lang='lat' dir='ltr'><strong>ut</strong></span> <span class='ocrx_word' id='word_1_38' title='bbox 694 759 734 822; x_wconf 89' lang='lat' dir='ltr'><strong>de</strong></span> <span class='ocrx_word' id='word_1_39' title='bbox 749 759 822 822; x_wconf 87' lang='lat' dir='ltr'><strong>sede</strong></span> <span class='ocrx_word' id='word_1_40' title='bbox 837 757 973 822; x_wconf 64' lang='lat' dir='ltr'><strong>secundia</strong></span> 
     </span>
     <span class='ocr_line' id='line_1_7' title="bbox 154 843 964 928; baseline 0.001 -21"><span class='ocrx_word' id='word_1_41' title='bbox 154 843 291 907; x_wconf 87' lang='lat' dir='ltr'><strong>Cederet</strong></span> <span class='ocrx_word' id='word_1_42' title='bbox 304 859 359 907; x_wconf 86' lang='lat' dir='ltr'><strong>aut</strong></span> <span class='ocrx_word' id='word_1_43' title='bbox 373 846 484 928; x_wconf 70' lang='lat' dir='ltr'><strong>quarta</strong></span> <span class='ocrx_word' id='word_1_44' title='bbox 498 844 662 908; x_wconf 85' lang='lat' dir='ltr'><strong>socialiter.</strong></span> <span class='ocrx_word' id='word_1_45' title='bbox 708 845 773 908; x_wconf 85' lang='lat' dir='ltr'><strong>Hic</strong></span> <span class='ocrx_word' id='word_1_46' title='bbox 788 857 821 908; x_wconf 88' lang='lat' dir='ltr'><strong>et</strong></span> <span class='ocrx_word' id='word_1_47' title='bbox 836 844 867 908; x_wconf 92' lang='lat' dir='ltr'><strong>iu</strong></span> <span class='ocrx_word' id='word_1_48' title='bbox 885 843 964 908; x_wconf 89' lang='lat' dir='ltr'><strong>Acci</strong></span> 
     </span>
     <span class='ocr_line' id='line_1_8' title="bbox 153 927 886 1016; baseline -0.005 -21"><span class='ocrx_word' id='word_1_49' title='bbox 153 929 320 995; x_wconf 86' lang='lat' dir='ltr'><strong>Nobilibus</strong></span> <span class='ocrx_word' id='word_1_50' title='bbox 336 930 482 994; x_wconf 87' lang='lat' dir='ltr'><strong>trimetris</strong></span> <span class='ocrx_word' id='word_1_51' title='bbox 496 944 626 1016; x_wconf 89' lang='lat' dir='ltr'><strong>apparet</strong></span> <span class='ocrx_word' id='word_1_52' title='bbox 640 954 736 1007; x_wconf 87' lang='lat' dir='ltr'><strong>rarus,</strong></span> <span class='ocrx_word' id='word_1_53' title='bbox 753 943 786 993; x_wconf 90' lang='lat' dir='ltr'><strong>ct</strong></span> <span class='ocrx_word' id='word_1_54' title='bbox 802 927 886 992; x_wconf 84' lang='lat' dir='ltr'><strong>Enni</strong></span> 
     </span>
    </p>

    <p class='ocr_par' dir='ltr' id='par_1_5' title="bbox 153 1015 1101 1188">
     <span class='ocr_line' id='line_1_9' title="bbox 153 1015 1101 1103; baseline -0.001 -24"><span class='ocrx_word' id='word_1_55' title='bbox 153 1015 192 1079; x_wconf 93' lang='lat' dir='ltr'><strong>In</strong></span> <span class='ocrx_word' id='word_1_56' title='bbox 207 1038 332 1082; x_wconf 84' lang='lat' dir='ltr'>scenam</span> <span class='ocrx_word' id='word_1_57' title='bbox 348 1017 456 1080; x_wconf 87' lang='lat' dir='ltr'><strong>missos</strong></span> <span class='ocrx_word' id='word_1_58' title='bbox 471 1040 540 1080; x_wconf 92' lang='lat' dir='ltr'><strong>cum</strong></span> <span class='ocrx_word' id='word_1_59' title='bbox 558 1038 672 1103; x_wconf 87' lang='lat' dir='ltr'><strong>magno</strong></span> <span class='ocrx_word' id='word_1_60' title='bbox 689 1016 824 1100; x_wconf 89' lang='lat' dir='ltr'><strong>pondere</strong></span> <span class='ocrx_word' id='word_1_61' title='bbox 839 1038 956 1093; x_wconf 86' lang='lat' dir='ltr'><strong>versus,</strong></span> <span class='ocrx_word' id='word_1_62' title='bbox 1038 1020 1101 1078; x_wconf 78' lang='lat'><strong>260</strong></span> 
     </span>
     <span class='ocr_line' id='line_1_10' title="bbox 153 1101 917 1188; baseline -0.001 -23"><span class='ocrx_word' id='word_1_63' title='bbox 153 1103 221 1166; x_wconf 89' lang='lat' dir='ltr'><strong>Aut</strong></span> <span class='ocrx_word' id='word_1_64' title='bbox 235 1125 338 1187; x_wconf 84' lang='lat' dir='ltr'><strong>operae</strong></span> <span class='ocrx_word' id='word_1_65' title='bbox 353 1101 461 1166; x_wconf 88' lang='lat' dir='ltr'><strong>celeris</strong></span> <span class='ocrx_word' id='word_1_66' title='bbox 476 1102 606 1165; x_wconf 90' lang='lat' dir='ltr'><strong>nimium</strong></span> <span class='ocrx_word' id='word_1_67' title='bbox 622 1106 758 1188; x_wconf 68' lang='lat' dir='ltr'><strong>curaque</strong></span> <span class='ocrx_word' id='word_1_68' title='bbox 774 1101 917 1179; x_wconf 88' lang='lat' dir='ltr'><strong>carentis,</strong></span> 
     </span>
    </p>

    <p class='ocr_par' dir='ltr' id='par_1_6' title="bbox 154 1187 857 1275">
     <span class='ocr_line' id='line_1_11' title="bbox 154 1187 857 1275; baseline -0.001 -24"><span class='ocrx_word' id='word_1_69' title='bbox 154 1189 222 1252; x_wconf 87' lang='lat' dir='ltr'><strong>Aut</strong></span> <span class='ocrx_word' id='word_1_70' title='bbox 237 1187 387 1275; x_wconf 77' lang='lat' dir='ltr'><strong>ignoratae</strong></span> <span class='ocrx_word' id='word_1_71' title='bbox 424 1189 515 1252; x_wconf 85' lang='lat' dir='ltr'><strong>remit</strong></span> <span class='ocrx_word' id='word_1_72' title='bbox 529 1188 604 1254; x_wconf 88' lang='lat' dir='ltr'><strong>artis</strong></span> <span class='ocrx_word' id='word_1_73' title='bbox 619 1189 748 1253; x_wconf 90' lang='lat' dir='ltr'><strong>crimine</strong></span> <span class='ocrx_word' id='word_1_74' title='bbox 764 1188 857 1272; x_wconf 83' lang='lat' dir='ltr'><strong>turpi.</strong></span> 
     </span>
    </p>

    <p class='ocr_par' dir='ltr' id='par_1_7' title="bbox 154 1210 940 1360">
     <span class='ocr_line' id='line_1_12' title="bbox 154 1210 940 1360; baseline 0 -24"><span class='ocrx_word' id='word_1_75' title='bbox 154 1273 226 1338; x_wconf 93' lang='lat' dir='ltr'><strong>Non</strong></span> <span class='ocrx_word' id='word_1_76' title='bbox 243 1275 344 1360; x_wconf 87' lang='lat' dir='ltr'><strong>quivis</strong></span> <span class='ocrx_word' id='word_1_77' title='bbox 360 1210 446 1339; x_wconf 66' lang='lat' dir='ltr'><strong>vidiat</strong></span> <span class='ocrx_word' id='word_1_78' title='bbox 460 1274 662 1340; x_wconf 85' lang='lat' dir='ltr'><strong>immodulata</strong></span> <span class='ocrx_word' id='word_1_79' title='bbox 677 1287 820 1358; x_wconf 82' lang='lat' dir='ltr'><strong>poemata</strong></span> <span class='ocrx_word' id='word_1_80' title='bbox 830 1273 940 1358; x_wconf 87' lang='lat' dir='ltr'><strong>judex,</strong></span> 
     </span>
    </p>

    <p class='ocr_par' dir='ltr' id='par_1_8' title="bbox 153 1359 885 1446">
     <span class='ocr_line' id='line_1_13' title="bbox 153 1359 885 1446; baseline 0.001 -24"><span class='ocrx_word' id='word_1_81' title='bbox 153 1359 197 1423; x_wconf 88' lang='lat' dir='ltr'><strong>Et</strong></span> <span class='ocrx_word' id='word_1_82' title='bbox 212 1360 282 1424; x_wconf 87' lang='lat' dir='ltr'><strong>data</strong></span> <span class='ocrx_word' id='word_1_83' title='bbox 300 1360 450 1424; x_wconf 86' lang='lat' dir='ltr'><strong>Romanis</strong></span> <span class='ocrx_word' id='word_1_84' title='bbox 464 1361 556 1424; x_wconf 89' lang='lat' dir='ltr'><strong>venia</strong></span> <span class='ocrx_word' id='word_1_85' title='bbox 571 1373 619 1425; x_wconf 89' lang='lat' dir='ltr'><strong>est</strong></span> <span class='ocrx_word' id='word_1_86' title='bbox 632 1360 762 1446; x_wconf 83' lang='lat' dir='ltr'><strong>indigna</strong></span> <span class='ocrx_word' id='word_1_87' title='bbox 776 1359 885 1445; x_wconf 88' lang='lat' dir='ltr'><strong>poetis.</strong></span> 
     </span>
    </p>
   </div>
   <div class='ocr_carea' id='block_1_3' title="bbox 154 1443 1200 1533">
    <p class='ocr_par' dir='ltr' id='par_1_9' title="bbox 154 1443 1200 1533">
     <span class='ocr_line' id='line_1_14' title="bbox 154 1443 1200 1533; baseline 0.004 -24"><span class='ocrx_word' id='word_1_88' title='bbox 154 1443 316 1510; x_wconf 86' lang='lat' dir='ltr'><strong>Idcircone</strong></span> <span class='ocrx_word' id='word_1_89' title='bbox 332 1469 427 1531; x_wconf 81' lang='lat' dir='ltr'><strong>vager</strong></span> <span class='ocrx_word' id='word_1_90' title='bbox 442 1446 636 1533; x_wconf 86' lang='lat' dir='ltr'><strong>scribamque</strong></span> <span class='ocrx_word' id='word_1_91' title='bbox 653 1444 806 1510; x_wconf 79' lang='lat' dir='ltr'><strong>licenter?</strong></span> <span class='ocrx_word' id='word_1_92' title='bbox 829 1468 869 1509; x_wconf 91' lang='lat' dir='ltr'><strong>an</strong></span> <span class='ocrx_word' id='word_1_93' title='bbox 885 1467 993 1509; x_wconf 90' lang='lat' dir='ltr'><strong>omnes</strong></span> <span class='ocrx_word' id='word_1_94' title='bbox 1037 1448 1099 1508; x_wconf 77' lang='lat'><strong>265</strong></span> <span class='ocrx_word' id='word_1_95' title='bbox 1199 1494 1200 1513; x_wconf 54' lang='lat' dir='ltr'><strong>r</strong></span> 
     </span>
    </p>
   </div>
   <div class='ocr_carea' id='block_1_4' title="bbox 69 1530 962 1867">
    <p class='ocr_par' dir='ltr' id='par_1_10' title="bbox 69 1530 962 1793">
     <span class='ocr_line' id='line_1_15' title="bbox 69 1530 887 1618; baseline 0.005 -27"><span class='ocrx_word' id='word_1_96' title='bbox 69 1537 71 1544; x_wconf 83' lang='grc'>’</span> <span class='ocrx_word' id='word_1_97' title='bbox 152 1530 283 1596; x_wconf 89' lang='lat' dir='ltr'><strong>Visuros</strong></span> <span class='ocrx_word' id='word_1_98' title='bbox 298 1547 425 1617; x_wconf 87' lang='lat' dir='ltr'><strong>peccata</strong></span> <span class='ocrx_word' id='word_1_99' title='bbox 439 1547 546 1618; x_wconf 88' lang='lat' dir='ltr'><strong>putem</strong></span> <span class='ocrx_word' id='word_1_100' title='bbox 563 1556 641 1609; x_wconf 89' lang='lat' dir='ltr'><strong>mea,</strong></span> <span class='ocrx_word' id='word_1_101' title='bbox 659 1544 744 1596; x_wconf 89' lang='lat' dir='ltr'><strong>tutus</strong></span> <span class='ocrx_word' id='word_1_102' title='bbox 759 1545 791 1595; x_wconf 89' lang='lat' dir='ltr'><strong>et</strong></span> <span class='ocrx_word' id='word_1_103' title='bbox 805 1531 887 1595; x_wconf 89' lang='lat' dir='ltr'><strong>intra</strong></span> 
     </span>
     <span class='ocr_line' id='line_1_16' title="bbox 155 1617 962 1766; baseline 0 -86"><span class='ocrx_word' id='word_1_104' title='bbox 155 1617 250 1766; x_wconf 53' lang='lat' dir='ltr'><strong>{pem</strong></span> <span class='ocrx_word' id='word_1_105' title='bbox 267 1619 367 1682; x_wconf 87' lang='lat' dir='ltr'><strong>veniae</strong></span> <span class='ocrx_word' id='word_1_106' title='bbox 382 1618 512 1684; x_wconf 80' lang='lat' dir='ltr'><strong>cantus?</strong></span> <span class='ocrx_word' id='word_1_107' title='bbox 556 1618 663 1682; x_wconf 91' lang='lat' dir='ltr'><strong>Vitavi</strong></span> <span class='ocrx_word' id='word_1_108' title='bbox 678 1619 815 1703; x_wconf 88' lang='lat' dir='ltr'><strong>denique</strong></span> <span class='ocrx_word' id='word_1_109' title='bbox 830 1617 962 1702; x_wconf 89' lang='lat' dir='ltr'><strong>culpam,</strong></span> 
     </span>
     <span class='ocr_line' id='line_1_17' title="bbox 188 1704 936 1793; baseline 0.003 -27"><span class='ocrx_word' id='word_1_110' title='bbox 188 1726 227 1766; x_wconf 90' lang='lat' dir='ltr'><strong>on</strong></span> <span class='ocrx_word' id='word_1_111' title='bbox 245 1704 367 1768; x_wconf 88' lang='lat' dir='ltr'><strong>laudem</strong></span> <span class='ocrx_word' id='word_1_112' title='bbox 383 1705 490 1770; x_wconf 85' lang='lat' dir='ltr'><strong>merui.</strong></span> <span class='ocrx_word' id='word_1_113' title='bbox 536 1704 602 1768; x_wconf 91' lang='lat' dir='ltr'><strong>Vos</strong></span> <span class='ocrx_word' id='word_1_114' title='bbox 617 1704 806 1790; x_wconf 79' lang='lat' dir='ltr'><strong>exemplaria</strong></span> <span class='ocrx_word' id='word_1_115' title='bbox 822 1704 936 1793; x_wconf 75' lang='lat' dir='ltr'><strong>Graeoa</strong></span> 
     </span>
    </p>

    <p class='ocr_par' dir='ltr' id='par_1_11' title="bbox 156 1788 895 1867">
     <span class='ocr_line' id='line_1_18' title="bbox 156 1788 895 1867; baseline 0.005 -15"><span class='ocrx_word' id='word_1_116' title='bbox 156 1788 316 1854; x_wconf 66' lang='lat' dir='ltr'><strong>Nocturna</strong></span> <span class='ocrx_word' id='word_1_117' title='bbox 333 1805 452 1855; x_wconf 89' lang='lat' dir='ltr'><strong>versate</strong></span> <span class='ocrx_word' id='word_1_118' title='bbox 468 1813 571 1867; x_wconf 87' lang='lat' dir='ltr'><strong>manu,</strong></span> <span class='ocrx_word' id='word_1_119' title='bbox 588 1804 708 1855; x_wconf 88' lang='lat' dir='ltr'><strong>versate</strong></span> <span class='ocrx_word' id='word_1_120' title='bbox 724 1790 845 1856; x_wconf 73' lang='lat' dir='ltr'><strong>diurna.</strong></span> <span class='ocrx_word' id='word_1_121' title='bbox 892 1801 895 1807; x_wconf 84' lang='grc'><strong>’</strong></span> 
     </span>
    </p>
   </div>
   <div class='ocr_carea' id='block_1_5' title="bbox 155 1876 1204 1962">
    <p class='ocr_par' dir='ltr' id='par_1_12' title="bbox 155 1876 1204 1962">
     <span class='ocr_line' id='line_1_19' title="bbox 155 1876 1204 1962; baseline 0.001 -25"><span class='ocrx_word' id='word_1_122' title='bbox 155 1877 201 1938; x_wconf 90' lang='lat' dir='ltr'><strong>At</strong></span> <span class='ocrx_word' id='word_1_123' title='bbox 217 1877 309 1941; x_wconf 87' lang='lat' dir='ltr'><strong>vestri</strong></span> <span class='ocrx_word' id='word_1_124' title='bbox 325 1877 430 1962; x_wconf 88' lang='lat' dir='ltr'><strong>proavi</strong></span> <span class='ocrx_word' id='word_1_125' title='bbox 447 1876 609 1941; x_wconf 90' lang='lat' dir='ltr'><strong>Plautinos</strong></span> <span class='ocrx_word' id='word_1_126' title='bbox 625 1892 657 1941; x_wconf 90' lang='lat' dir='ltr'><strong>et</strong></span> <span class='ocrx_word' id='word_1_127' title='bbox 671 1898 816 1940; x_wconf 89' lang='lat' dir='ltr'><strong>numeros</strong></span> <span class='ocrx_word' id='word_1_128' title='bbox 832 1888 864 1940; x_wconf 90' lang='lat' dir='ltr'><strong>et</strong></span> <span class='ocrx_word' id='word_1_129' title='bbox 990 1879 1102 1940; x_wconf 75' lang='lat'><strong>-270</strong></span> <span class='ocrx_word' id='word_1_130' title='bbox 1203 1908 1204 1913; x_wconf 41' lang='lat'>1</span> 
     </span>
    </p>
   </div>
   <div class='ocr_carea' id='block_1_6' title="bbox 156 1961 1107 3683">
    <p class='ocr_par' dir='ltr' id='par_1_13' title="bbox 156 1961 971 2048">
     <span class='ocr_line' id='line_1_20' title="bbox 156 1961 971 2048; baseline -0.001 -23"><span class='ocrx_word' id='word_1_131' title='bbox 156 1961 339 2027; x_wconf 89' lang='lat' dir='ltr'><strong>Laudavere</strong></span> <span class='ocrx_word' id='word_1_132' title='bbox 354 1963 451 2040; x_wconf 90' lang='lat' dir='ltr'><strong>sales;</strong></span> <span class='ocrx_word' id='word_1_133' title='bbox 476 1963 606 2026; x_wconf 91' lang='lat' dir='ltr'><strong>nimium</strong></span> <span class='ocrx_word' id='word_1_134' title='bbox 623 1963 777 2048; x_wconf 87' lang='lat' dir='ltr'><strong>patienter</strong></span> <span class='ocrx_word' id='word_1_135' title='bbox 793 1977 971 2047; x_wconf 88' lang='lat' dir='ltr'><strong>utrumque,</strong></span> 
     </span>
    </p>

    <p class='ocr_par' dir='ltr' id='par_1_14' title="bbox 157 2046 913 2135">
     <span class='ocr_line' id='line_1_21' title="bbox 157 2046 913 2135; baseline 0.001 -25"><span class='ocrx_word' id='word_1_136' title='bbox 157 2046 208 2111; x_wconf 94' lang='lat' dir='ltr'><strong>Ne</strong></span> <span class='ocrx_word' id='word_1_137' title='bbox 223 2048 322 2112; x_wconf 90' lang='lat' dir='ltr'><strong>dicam</strong></span> <span class='ocrx_word' id='word_1_138' title='bbox 337 2049 441 2124; x_wconf 88' lang='lat' dir='ltr'><strong>stulte,</strong></span> <span class='ocrx_word' id='word_1_139' title='bbox 458 2048 570 2123; x_wconf 85' lang='lat' dir='ltr'><strong>mirati,</strong></span> <span class='ocrx_word' id='word_1_140' title='bbox 588 2049 613 2113; x_wconf 90' lang='lat' dir='ltr'><strong>si</strong></span> <span class='ocrx_word' id='word_1_141' title='bbox 631 2049 721 2112; x_wconf 88' lang='lat' dir='ltr'><strong>modo</strong></span> <span class='ocrx_word' id='word_1_142' title='bbox 736 2071 796 2135; x_wconf 85' lang='lat' dir='ltr'><strong>ego</strong></span> <span class='ocrx_word' id='word_1_143' title='bbox 812 2062 845 2112; x_wconf 90' lang='lat' dir='ltr'><strong>et</strong></span> <span class='ocrx_word' id='word_1_144' title='bbox 858 2069 913 2111; x_wconf 91' lang='lat' dir='ltr'><strong>vos</strong></span> 
     </span>
    </p>

    <p class='ocr_par' dir='ltr' id='par_1_15' title="bbox 157 2133 873 2220">
     <span class='ocr_line' id='line_1_22' title="bbox 157 2133 873 2220; baseline 0 -22"><span class='ocrx_word' id='word_1_145' title='bbox 157 2133 279 2198; x_wconf 87' lang='lat' dir='ltr'><strong>Scimus</strong></span> <span class='ocrx_word' id='word_1_146' title='bbox 294 2133 479 2198; x_wconf 88' lang='lat' dir='ltr'><strong>inurbanum</strong></span> <span class='ocrx_word' id='word_1_147' title='bbox 495 2134 599 2220; x_wconf 89' lang='lat' dir='ltr'><strong>lepido</strong></span> <span class='ocrx_word' id='word_1_148' title='bbox 614 2157 765 2219; x_wconf 88' lang='lat' dir='ltr'><strong>seponere</strong></span> <span class='ocrx_word' id='word_1_149' title='bbox 780 2135 873 2210; x_wconf 87' lang='lat' dir='ltr'><strong>dicto,</strong></span> 
     </span>
    </p>

    <p class='ocr_par' dir='ltr' id='par_1_16' title="bbox 157 2219 1102 2406">
     <span class='ocr_line' id='line_1_23' title="bbox 157 2219 972 2368; baseline 0 -86"><span class='ocrx_word' id='word_1_150' title='bbox 157 2219 414 2368; x_wconf 65' lang='lat' dir='ltr'><strong>Legitimumque</strong></span> <span class='ocrx_word' id='word_1_151' title='bbox 430 2243 540 2284; x_wconf 88' lang='lat' dir='ltr'><strong>sonum</strong></span> <span class='ocrx_word' id='word_1_152' title='bbox 555 2219 664 2307; x_wconf 77' lang='lat' dir='ltr'><strong>digitis</strong></span> <span class='ocrx_word' id='word_1_153' title='bbox 678 2222 826 2285; x_wconf 87' lang='lat' dir='ltr'><strong>callemus</strong></span> <span class='ocrx_word' id='word_1_154' title='bbox 840 2235 874 2285; x_wconf 89' lang='lat' dir='ltr'><strong>et</strong></span> <span class='ocrx_word' id='word_1_155' title='bbox 886 2241 972 2283; x_wconf 87' lang='lat' dir='ltr'><strong>aure.</strong></span> 
     </span>
     <span class='ocr_line' id='line_1_24' title="bbox 217 2307 1102 2406; baseline -0.001 -37"><span class='ocrx_word' id='word_1_156' title='bbox 217 2321 348 2406; x_wconf 81' lang='lat' dir='ltr'><strong>gnatum</strong></span> <span class='ocrx_word' id='word_1_157' title='bbox 365 2307 491 2393; x_wconf 79' lang='lat' dir='ltr'><strong>tragicae</strong></span> <span class='ocrx_word' id='word_1_158' title='bbox 505 2329 605 2393; x_wconf 87' lang='lat' dir='ltr'><strong>genus</strong></span> <span class='ocrx_word' id='word_1_159' title='bbox 621 2307 776 2371; x_wconf 88' lang='lat' dir='ltr'><strong>invenisse</strong></span> <span class='ocrx_word' id='word_1_160' title='bbox 794 2307 953 2370; x_wconf 83' lang='lat' dir='ltr'><strong>Camoenae</strong></span> <span class='ocrx_word' id='word_1_161' title='bbox 1039 2309 1102 2370; x_wconf 65' lang='lat'><strong>215</strong></span> 
     </span>
    </p>

    <p class='ocr_par' dir='ltr' id='par_1_17' title="bbox 156 2389 959 2478">
     <span class='ocr_line' id='line_1_25' title="bbox 156 2389 959 2478; baseline 0 -24"><span class='ocrx_word' id='word_1_162' title='bbox 156 2389 293 2469; x_wconf 81' lang='lat' dir='ltr'><strong>Dicitur,</strong></span> <span class='ocrx_word' id='word_1_163' title='bbox 312 2405 343 2458; x_wconf 89' lang='lat' dir='ltr'><strong>et</strong></span> <span class='ocrx_word' id='word_1_164' title='bbox 358 2392 501 2478; x_wconf 88' lang='lat' dir='ltr'><strong>plaustris</strong></span> <span class='ocrx_word' id='word_1_165' title='bbox 516 2393 639 2457; x_wconf 84' lang='lat' dir='ltr'><strong>vexisse</strong></span> <span class='ocrx_word' id='word_1_166' title='bbox 656 2405 798 2478; x_wconf 85' lang='lat' dir='ltr'><strong>poemata</strong></span> <span class='ocrx_word' id='word_1_167' title='bbox 813 2392 959 2478; x_wconf 89' lang='lat' dir='ltr'><strong>Thespis,</strong></span> 
     </span>
    </p>

    <p class='ocr_par' dir='ltr' id='par_1_18' title="bbox 158 2475 987 2565">
     <span class='ocr_line' id='line_1_26' title="bbox 158 2475 987 2565; baseline 0.001 -26"><span class='ocrx_word' id='word_1_168' title='bbox 158 2475 241 2551; x_wconf 85' lang='lat' dir='ltr'><strong>Quae</strong></span> <span class='ocrx_word' id='word_1_169' title='bbox 256 2497 403 2543; x_wconf 89' lang='lat' dir='ltr'><strong>canerent</strong></span> <span class='ocrx_word' id='word_1_170' title='bbox 417 2493 609 2565; x_wconf 85' lang='lat' dir='ltr'><strong>agerentque</strong></span> <span class='ocrx_word' id='word_1_171' title='bbox 625 2479 768 2564; x_wconf 86' lang='lat' dir='ltr'><strong>peruncti</strong></span> <span class='ocrx_word' id='word_1_172' title='bbox 785 2479 910 2543; x_wconf 83' lang='lat' dir='ltr'><strong>faecibus</strong></span> <span class='ocrx_word' id='word_1_173' title='bbox 925 2500 987 2540; x_wconf 83' lang='lat' dir='ltr'><strong>ora.</strong></span> 
     </span>
    </p>

    <p class='ocr_par' dir='ltr' id='par_1_19' title="bbox 159 2562 965 2650">
     <span class='ocr_line' id='line_1_27' title="bbox 159 2562 965 2650; baseline 0.002 -24"><span class='ocrx_word' id='word_1_174' title='bbox 159 2562 236 2638; x_wconf 87' lang='lat' dir='ltr'><strong>Post</strong></span> <span class='ocrx_word' id='word_1_175' title='bbox 250 2563 333 2628; x_wconf 85' lang='lat' dir='ltr'><strong>lrunc</strong></span> <span class='ocrx_word' id='word_1_176' title='bbox 349 2588 488 2650; x_wconf 89' lang='lat' dir='ltr'><strong>personae</strong></span> <span class='ocrx_word' id='word_1_177' title='bbox 503 2565 657 2650; x_wconf 83' lang='lat' dir='ltr'><strong>pallaeque</strong></span> <span class='ocrx_word' id='word_1_178' title='bbox 672 2580 812 2650; x_wconf 88' lang='lat' dir='ltr'><strong>repertor</strong></span> <span class='ocrx_word' id='word_1_179' title='bbox 827 2566 965 2628; x_wconf 80' lang='lat' dir='ltr'><strong>lronestae</strong></span> 
     </span>
    </p>

    <p class='ocr_par' dir='ltr' id='par_1_20' title="bbox 158 2647 933 2736">
     <span class='ocr_line' id='line_1_28' title="bbox 158 2647 933 2736; baseline 0.001 -24"><span class='ocrx_word' id='word_1_180' title='bbox 158 2647 330 2735; x_wconf 84' lang='lat' dir='ltr'><strong>AEschylus</strong></span> <span class='ocrx_word' id='word_1_181' title='bbox 345 2665 378 2715; x_wconf 88' lang='lat' dir='ltr'><strong>et</strong></span> <span class='ocrx_word' id='word_1_182' title='bbox 392 2651 520 2714; x_wconf 90' lang='lat' dir='ltr'><strong>modieis</strong></span> <span class='ocrx_word' id='word_1_183' title='bbox 535 2650 678 2716; x_wconf 88' lang='lat' dir='ltr'><strong>instravit</strong></span> <span class='ocrx_word' id='word_1_184' title='bbox 692 2651 812 2735; x_wconf 89' lang='lat' dir='ltr'><strong>pulpita</strong></span> <span class='ocrx_word' id='word_1_185' title='bbox 827 2650 933 2736; x_wconf 84' lang='lat' dir='ltr'><strong>tignis,</strong></span> 
     </span>
    </p>

    <p class='ocr_par' dir='ltr' id='par_1_21' title="bbox 160 2733 1105 2822">
     <span class='ocr_line' id='line_1_29' title="bbox 160 2733 1105 2822; baseline 0.001 -25"><span class='ocrx_word' id='word_1_186' title='bbox 160 2733 203 2798; x_wconf 89' lang='lat' dir='ltr'><strong>Et</strong></span> <span class='ocrx_word' id='word_1_187' title='bbox 217 2735 323 2800; x_wconf 92' lang='lat' dir='ltr'><strong>docuit</strong></span> <span class='ocrx_word' id='word_1_188' title='bbox 337 2759 547 2822; x_wconf 83' lang='lat' dir='ltr'><strong>magnumque</strong></span> <span class='ocrx_word' id='word_1_189' title='bbox 563 2737 660 2822; x_wconf 89' lang='lat' dir='ltr'><strong>loqui,</strong></span> <span class='ocrx_word' id='word_1_190' title='bbox 676 2738 798 2822; x_wconf 90' lang='lat' dir='ltr'><strong>nitique</strong></span> <span class='ocrx_word' id='word_1_191' title='bbox 813 2737 974 2801; x_wconf 89' lang='lat' dir='ltr'><strong>cothurno.</strong></span> <span class='ocrx_word' id='word_1_192' title='bbox 1040 2739 1105 2798; x_wconf 71' lang='lat'><strong>280</strong></span> 
     </span>
    </p>

    <p class='ocr_par' dir='ltr' id='par_1_22' title="bbox 160 2820 933 2900">
     <span class='ocr_line' id='line_1_30' title="bbox 160 2820 933 2900; baseline 0.008 -18"><span class='ocrx_word' id='word_1_193' title='bbox 160 2820 316 2885; x_wconf 89' lang='lat' dir='ltr'><strong>Successit</strong></span> <span class='ocrx_word' id='word_1_194' title='bbox 330 2835 419 2885; x_wconf 88' lang='lat' dir='ltr'><strong>vetus</strong></span> <span class='ocrx_word' id='word_1_195' title='bbox 434 2821 481 2886; x_wconf 90' lang='lat' dir='ltr'><strong>his</strong></span> <span class='ocrx_word' id='word_1_196' title='bbox 496 2824 656 2900; x_wconf 72' lang='lat' dir='ltr'><strong>comesdin,</strong></span> <span class='ocrx_word' id='word_1_197' title='bbox 674 2846 735 2886; x_wconf 93' lang='lat' dir='ltr'><strong>non</strong></span> <span class='ocrx_word' id='word_1_198' title='bbox 750 2823 819 2886; x_wconf 89' lang='lat' dir='ltr'><strong>sine</strong></span> <span class='ocrx_word' id='word_1_199' title='bbox 835 2821 933 2888; x_wconf 74' lang='lat' dir='ltr'><strong>multd</strong></span> 
     </span>
    </p>

    <p class='ocr_par' dir='ltr' id='par_1_23' title="bbox 160 2905 949 2984">
     <span class='ocr_line' id='line_1_31' title="bbox 160 2905 949 2984; baseline 0.001 -16"><span class='ocrx_word' id='word_1_200' title='bbox 160 2905 288 2978; x_wconf 87' lang='lat' dir='ltr'><strong>Laude;</strong></span> <span class='ocrx_word' id='word_1_201' title='bbox 312 2907 365 2970; x_wconf 88' lang='lat' dir='ltr'><strong>sed</strong></span> <span class='ocrx_word' id='word_1_202' title='bbox 381 2908 414 2971; x_wconf 93' lang='lat' dir='ltr'><strong>in</strong></span> <span class='ocrx_word' id='word_1_203' title='bbox 430 2909 539 2972; x_wconf 88' lang='lat' dir='ltr'><strong>vitium</strong></span> <span class='ocrx_word' id='word_1_204' title='bbox 556 2909 682 2974; x_wconf 88' lang='lat' dir='ltr'><strong>libertas</strong></span> <span class='ocrx_word' id='word_1_205' title='bbox 697 2906 824 2984; x_wconf 81' lang='lat' dir='ltr'><strong>excidit,</strong></span> <span class='ocrx_word' id='word_1_206' title='bbox 841 2921 874 2972; x_wconf 87' lang='lat' dir='ltr'><strong>et</strong></span> <span class='ocrx_word' id='word_1_207' title='bbox 888 2907 949 2969; x_wconf 89' lang='lat' dir='ltr'><strong>vim</strong></span> 
     </span>
    </p>

    <p class='ocr_par' dir='ltr' id='par_1_24' title="bbox 158 2991 970 3080">
     <span class='ocr_line' id='line_1_32' title="bbox 158 2991 970 3080; baseline 0.001 -25"><span class='ocrx_word' id='word_1_208' title='bbox 158 2991 299 3078; x_wconf 86' lang='lat' dir='ltr'><strong>Dignam</strong></span> <span class='ocrx_word' id='word_1_209' title='bbox 315 2992 386 3079; x_wconf 82' lang='lat' dir='ltr'><strong>lege</strong></span> <span class='ocrx_word' id='word_1_210' title='bbox 402 2995 488 3080; x_wconf 82' lang='lat' dir='ltr'><strong>regi:</strong></span> <span class='ocrx_word' id='word_1_211' title='bbox 513 2995 565 3059; x_wconf 86' lang='lat' dir='ltr'><strong>lex</strong></span> <span class='ocrx_word' id='word_1_212' title='bbox 580 3009 627 3059; x_wconf 90' lang='lat' dir='ltr'><strong>est</strong></span> <span class='ocrx_word' id='word_1_213' title='bbox 641 3007 779 3080; x_wconf 84' lang='lat' dir='ltr'><strong>accepta,</strong></span> <span class='ocrx_word' id='word_1_214' title='bbox 796 2994 970 3078; x_wconf 87' lang='lat' dir='ltr'><strong>chorusque</strong></span> 
     </span>
    </p>

    <p class='ocr_par' dir='ltr' id='par_1_25' title="bbox 159 3079 830 3166">
     <span class='ocr_line' id='line_1_33' title="bbox 159 3079 830 3166; baseline 0.001 -25"><span class='ocrx_word' id='word_1_215' title='bbox 159 3079 310 3164; x_wconf 87' lang='lat' dir='ltr'><strong>Turpiter</strong></span> <span class='ocrx_word' id='word_1_216' title='bbox 324 3079 454 3146; x_wconf 89' lang='lat' dir='ltr'><strong>obticuit</strong></span> <span class='ocrx_word' id='word_1_217' title='bbox 468 3081 589 3144; x_wconf 87' lang='lat' dir='ltr'><strong>sublato</strong></span> <span class='ocrx_word' id='word_1_218' title='bbox 599 3083 672 3166; x_wconf 91' lang='lat' dir='ltr'><strong>jurc</strong></span> <span class='ocrx_word' id='word_1_219' title='bbox 687 3080 830 3144; x_wconf 90' lang='lat' dir='ltr'><strong>nocendi.</strong></span> 
     </span>
    </p>

    <p class='ocr_par' dir='ltr' id='par_1_26' title="bbox 159 3163 1107 3252">
     <span class='ocr_line' id='line_1_34' title="bbox 159 3163 1107 3252; baseline 0 -24"><span class='ocrx_word' id='word_1_220' title='bbox 159 3163 213 3228; x_wconf 91' lang='lat' dir='ltr'><strong>Nil</strong></span> <span class='ocrx_word' id='word_1_221' title='bbox 230 3164 415 3229; x_wconf 87' lang='lat' dir='ltr'><strong>intentatum</strong></span> <span class='ocrx_word' id='word_1_222' title='bbox 432 3167 528 3231; x_wconf 87' lang='lat' dir='ltr'><strong>nostri</strong></span> <span class='ocrx_word' id='word_1_223' title='bbox 543 3167 664 3252; x_wconf 89' lang='lat' dir='ltr'><strong>liquere</strong></span> <span class='ocrx_word' id='word_1_224' title='bbox 680 3179 800 3252; x_wconf 85' lang='lat' dir='ltr'><strong>poetae:</strong></span> <span class='ocrx_word' id='word_1_225' title='bbox 1040 3167 1107 3228; x_wconf 79' lang='lat'><strong>285</strong></span> 
     </span>
    </p>

    <p class='ocr_par' dir='ltr' id='par_1_27' title="bbox 159 3249 953 3337">
     <span class='ocr_line' id='line_1_35' title="bbox 159 3249 953 3337; baseline -0.001 -23"><span class='ocrx_word' id='word_1_226' title='bbox 159 3249 230 3315; x_wconf 91' lang='lat' dir='ltr'><strong>Nec</strong></span> <span class='ocrx_word' id='word_1_227' title='bbox 245 3251 407 3314; x_wconf 88' lang='lat' dir='ltr'><strong>minimum</strong></span> <span class='ocrx_word' id='word_1_228' title='bbox 424 3273 564 3316; x_wconf 90' lang='lat' dir='ltr'><strong>meruere</strong></span> <span class='ocrx_word' id='word_1_229' title='bbox 580 3252 675 3331; x_wconf 86' lang='lat' dir='ltr'><strong>decus</strong></span> <span class='ocrx_word' id='word_1_230' title='bbox 690 3252 823 3337; x_wconf 85' lang='lat' dir='ltr'><strong>vestigia</strong></span> <span class='ocrx_word' id='word_1_231' title='bbox 839 3251 953 3315; x_wconf 77' lang='lat' dir='ltr'><strong>Graeca</strong></span> 
     </span>
    </p>

    <p class='ocr_par' dir='ltr' id='par_1_28' title="bbox 159 3336 917 3413">
     <span class='ocr_line' id='line_1_36' title="bbox 159 3336 917 3413; baseline 0.001 -14"><span class='ocrx_word' id='word_1_232' title='bbox 159 3336 239 3408; x_wconf 89' lang='lat' dir='ltr'><strong>Ausi</strong></span> <span class='ocrx_word' id='word_1_233' title='bbox 255 3337 407 3413; x_wconf 87' lang='lat' dir='ltr'><strong>descrere,</strong></span> <span class='ocrx_word' id='word_1_234' title='bbox 425 3351 457 3401; x_wconf 86' lang='lat' dir='ltr'><strong>et</strong></span> <span class='ocrx_word' id='word_1_235' title='bbox 472 3337 629 3402; x_wconf 89' lang='lat' dir='ltr'><strong>celebrare</strong></span> <span class='ocrx_word' id='word_1_236' title='bbox 644 3338 813 3402; x_wconf 89' lang='lat' dir='ltr'><strong>domestica</strong></span> <span class='ocrx_word' id='word_1_237' title='bbox 827 3339 917 3413; x_wconf 88' lang='lat' dir='ltr'><strong>facta,</strong></span> 
     </span>
    </p>

    <p class='ocr_par' dir='ltr' id='par_1_29' title="bbox 159 3421 913 3510">
     <span class='ocr_line' id='line_1_37' title="bbox 159 3421 913 3510; baseline 0.004 -26"><span class='ocrx_word' id='word_1_238' title='bbox 159 3421 221 3484; x_wconf 92' lang='lat' dir='ltr'><strong>Vel</strong></span> <span class='ocrx_word' id='word_1_239' title='bbox 237 3424 290 3508; x_wconf 94' lang='lat' dir='ltr'><strong>qui</strong></span> <span class='ocrx_word' id='word_1_240' title='bbox 307 3437 481 3508; x_wconf 86' lang='lat' dir='ltr'><strong>praetextas,</strong></span> <span class='ocrx_word' id='word_1_241' title='bbox 498 3423 548 3486; x_wconf 93' lang='lat' dir='ltr'><strong>vel</strong></span> <span class='ocrx_word' id='word_1_242' title='bbox 564 3422 618 3508; x_wconf 95' lang='lat' dir='ltr'><strong>qui</strong></span> <span class='ocrx_word' id='word_1_243' title='bbox 633 3424 767 3488; x_wconf 89' lang='lat' dir='ltr'><strong>docuere</strong></span> <span class='ocrx_word' id='word_1_244' title='bbox 784 3437 913 3510; x_wconf 83' lang='lat' dir='ltr'><strong>togatas.</strong></span> 
     </span>
    </p>

    <p class='ocr_par' dir='ltr' id='par_1_30' title="bbox 159 3507 890 3594">
     <span class='ocr_line' id='line_1_38' title="bbox 159 3507 890 3594; baseline 0.004 -24"><span class='ocrx_word' id='word_1_245' title='bbox 159 3507 230 3570; x_wconf 91' lang='lat' dir='ltr'><strong>Nec</strong></span> <span class='ocrx_word' id='word_1_246' title='bbox 245 3510 359 3575; x_wconf 87' lang='lat' dir='ltr'><strong>virtute</strong></span> <span class='ocrx_word' id='word_1_247' title='bbox 374 3510 454 3573; x_wconf 87' lang='lat' dir='ltr'><strong>foret</strong></span> <span class='ocrx_word' id='word_1_248' title='bbox 469 3508 596 3572; x_wconf 87' lang='lat' dir='ltr'><strong>clarisve</strong></span> <span class='ocrx_word' id='word_1_249' title='bbox 614 3512 772 3594; x_wconf 87' lang='lat' dir='ltr'><strong>potentins</strong></span> <span class='ocrx_word' id='word_1_250' title='bbox 786 3509 890 3585; x_wconf 85' lang='lat' dir='ltr'><strong>armis,</strong></span> 
     </span>
    </p>

    <p class='ocr_par' dir='ltr' id='par_1_31' title="bbox 161 3591 1100 3683">
     <span class='ocr_line' id='line_1_39' title="bbox 161 3591 1100 3683; baseline 0.005 -28"><span class='ocrx_word' id='word_1_251' title='bbox 161 3591 264 3667; x_wconf 86' lang='lat' dir='ltr'><strong>Quam</strong></span> <span class='ocrx_word' id='word_1_252' title='bbox 281 3596 399 3683; x_wconf 73' lang='lat' dir='ltr'><strong>lingula,</strong></span> <span class='ocrx_word' id='word_1_253' title='bbox 418 3594 555 3672; x_wconf 88' lang='lat' dir='ltr'><strong>Latium,</strong></span> <span class='ocrx_word' id='word_1_254' title='bbox 571 3594 598 3659; x_wconf 85' lang='lat' dir='ltr'><strong>si</strong></span> <span class='ocrx_word' id='word_1_255' title='bbox 613 3595 866 3666; x_wconf 82' lang='lat' dir='ltr'><strong>nonollenderet</strong></span> <span class='ocrx_word' id='word_1_256' title='bbox 880 3617 993 3660; x_wconf 89' lang='lat' dir='ltr'><strong>unum·</strong></span> <span class='ocrx_word' id='word_1_257' title='bbox 1040 3599 1100 3660; x_wconf 67' lang='lat'><strong>29⁶</strong></span> 
     </span>
    </p>
   </div>
   <div class='ocr_carea' id='block_1_7' title="bbox 0 0 1231 4059">
    <p class='ocr_par' dir='ltr' id='par_1_32' title="bbox 0 0 1231 4059">
     <span class='ocr_line' id='line_1_40' title="bbox 0 0 1231 4059; baseline 0 0"><span class='ocrx_word' id='word_1_258' title='bbox 0 0 1231 4059; x_wconf 95' lang='lat' dir='ltr'><strong> </strong></span> 
     </span>
    </p>
   </div>
  </div>
 </body>
</html>
