2442 4059
170 334 214 395 58
433 345 680 391 ammomum
698 344 769 389 un.
784 346 809 393 1.
820 330 855 389 2

175 500 215 565 In
230 512 302 565 cute
316 499 454 565 cunnus
466 499 537 585 plns
549 522 642 584 aquo
653 510 781 585 operata
788 500 950 584 juventus,

175 588 240 653 Cui
252 586 416 672 pulchrum
430 586 491 649 fuit
503 586 537 648 in
551 586 672 649 medios
683 585 818 648 dmmire
830 585 908 660 dies,
922 598 957 648 et

175 673 229 737 Ad
242 673 406 757 strepitum
421 672 546 736 cithara
559 686 712 736 mmm
725 672 840 734 ducere
853 692 969 734 curam.
1071 670 1116 731 3⁰

175 758 225 823 Ut
235 759 385 845 jugulent
396 758 548 835 homines,
563 771 698 844 snrgunt
708 757 750 820 de
762 772 854 821 nocte
867 759 1003 821 ian-ones
1010 776 1021 830 ;

176 845 227 910 Ut
240 858 271 909 te
285 848 388 930 ipsum
401 866 515 920 servm,
530 866 594 907 non
608 843 859 930 expergisoer'm?
877 843 977 929 atqui,

130 972 137 999 ι
179 931 215 995 Si
228 930 316 995 noles
329 952 432 1006 mum,
447 952 552 994 curres
565 930 770 1015 hydropicum:
791 942 836 1005 et,
849 930 885 993 ni

178 1017 294 1081 Posces
308 1030 382 1081 ante
396 1016 478 1079 diem
493 1016 607 1079 librum
620 1039 692 1080 cum
705 1015 834 1093 lumine,
849 1016 953 1079 sinon

179 1102 329 1167 Intendes
342 1103 480 1166 animum
494 1101 603 1166 studiis
617 1100 757 1166 etrebm
768 1101 916 1177 honestis,
1073 1104 1119 1163 35

175 1188 304 1260 Invidia
317 1188 369 1252 vel
382 1210 487 1251 amore
501 1188 578 1274 vigil
593 1188 788 1273 torquebere.
831 1187 916 1251 Nam
930 1209 995 1263 cur,

180 1274 264 1351 Quae
278 1275 396 1340 laedunt
409 1274 543 1349 oculum,
558 1274 687 1338 festinas
699 1273 843 1349 demere3
864 1276 892 1337 si
905 1273 982 1358 quid

181 1361 241 1426 Est
253 1362 402 1437 animum,
417 1358 522 1423 differs
536 1360 665 1423 curandi
677 1372 802 1445 tempus
815 1360 849 1422 in
862 1357 1004 1423 annum?

181 1447 359 1511 Dimidium
372 1447 456 1523 facti,
471 1446 528 1531 qui
542 1446 647 1531 coepit,
662 1446 776 1510 habet:
796 1468 906 1531 mpere
918 1444 1017 1518 audc3

183 1533 311 1618 Incipe:
334 1533 488 1617 qnirecte
502 1531 628 1596 vivendi
642 1544 789 1619 prorogat
801 1531 918 1606 horam,
1078 1534 1121 1592 40

37 1678 44 1691 ,
184 1618 333 1683 Rusticus
347 1629 517 1703 exspectat,
532 1619 606 1681 dnm
621 1618 739 1682 defluat
750 1620 868 1690 amnis3
889 1615 990 1681 atille

182 1704 326 1781 Labitur,
341 1716 374 1769 et
388 1704 510 1768 labetur
522 1704 556 1767 in
571 1726 665 1767 omne
677 1704 821 1769 volubilis
834 1726 946 1769 aevum.

183 1790 345 1867 Quaeritnr
357 1802 533 1877 argentum,
548 1789 717 1875 puerisque
730 1790 822 1853 beata
835 1788 975 1853 creandis

184 1877 286 1953 Uxor,
302 1888 335 1941 et
349 1876 474 1940 incultae
487 1888 637 1961 pacantur
650 1898 775 1939 vomere
788 1876 883 1939 silvae.
1209 1913 1210 1944 ;

183 1961 280 2038 Quod
294 1962 367 2027 satis
381 1973 439 2039 est,
451 1962 503 2025 cui
517 1962 659 2047 contigit,
670 1962 722 2026 hic
735 1962 814 2025 nihil
827 1961 960 2048 amplius
973 1970 1070 2046 optet
1081 1962 1124 2021 45

184 2048 258 2115 Non
273 2048 382 2112 domus
397 2062 430 2112 et
442 2047 567 2125 fundus,
583 2070 646 2111 non
661 2047 731 2113 aeris
743 2070 872 2113 acervus
885 2060 917 2113 et
929 2048 999 2112 auri
1209 2053 1210 2124 i

185 2134 321 2221 AEgroto
336 2133 452 2197 domini
467 2134 598 2197 deduxit
611 2156 739 2220 corpore
753 2134 866 2212 febres,
1209 2165 1210 2234 p

188 2220 260 2285 Nou
274 2222 378 2285 animo
392 2242 489 2284 curas.
534 2219 648 2284 Valeat
661 2242 818 2306 pomessor
830 2231 963 2307 oportet,
1209 2247 1210 2288 i

188 2306 223 2371 Si
238 2308 434 2393 comportatis
448 2306 540 2369 rebus
555 2306 637 2370 bene
652 2307 768 2393 cogitat
781 2307 838 2371 uti.
1209 2295 1210 2358 i

187 2393 253 2469 Qui
268 2393 362 2479 cupit,
373 2407 428 2457 aut
441 2392 562 2469 metuit,
573 2394 665 2478 juvat
678 2394 767 2455 illum
781 2393 827 2455 sic
840 2392 949 2455 domus
963 2401 996 2455 et
1008 2410 1068 2467 res,
1085 2391 1128 2451 50

187 2478 238 2544 Ut
251 2479 369 2564 lippum
385 2478 475 2563 pictae
490 2478 612 2554 tabulae,
626 2478 766 2543 fomenta
778 2478 960 2565 podagrum,
1209 2477 1210 2502 ¹

186 2564 490 2637 narrentanorum
504 2564 901 2629 collectamraeaoumt

191 2650 354 2715 Sincerum
369 2661 417 2713 est
430 2650 490 2713 nisi
505 2672 567 2724 vas,
584 2649 794 2735 quodcunque
808 2649 954 2727 infundis,
969 2647 1092 2713 acescit.
1209 2669 1210 2672 ’

190 2737 311 2821 Sperne
327 2734 517 2821 voluptates:
540 2747 633 2800 nocet
647 2746 752 2822 empta
765 2736 870 2800 dolore
885 2737 1035 2821 voluptas.

1209 2879 1210 2912 i

190 2823 323 2971 ISemper
336 2842 445 2885 avarus
459 2831 552 2906 eget:
575 2834 695 2886 certum
709 2833 781 2886 voto
795 2834 867 2909 pete
882 2822 987 2886 finem.
1088 2822 1130 2882 55

209 2930 261 2971 nvi

284 2929 318 2971 us
332 2907 459 2971 alterius
473 2908 635 2971 macrescit
648 2907 741 2973 rebus
756 2909 884 2995 opimisz

190 2992 312 3057 Invidit
329 2992 426 3056 Siculi
441 3015 503 3057 non
517 2993 666 3057 invenere
681 2996 805 3081 tyranni

190 3078 299 3164 Majus
314 3090 511 3143 tormentum.
556 3079 624 3153 Qui
637 3102 700 3143 non
715 3081 923 3145 moderabitur
937 3078 1002 3157 irae,

192 3165 349 3230 Infectum
363 3164 447 3228 volet
461 3186 539 3241 esse,
555 3166 643 3229 dolor
657 3166 740 3250 quod
755 3168 886 3231 suaserit
900 3178 933 3229 et
946 3185 1045 3240 mens,

192 3251 280 3316 Dum
295 3270 403 3335 poenas
418 3250 488 3313 odio
503 3271 559 3334 per
573 3251 637 3314 vim
651 3252 779 3317 festinat
792 3252 902 3317 inulto.
960 3287 964 3291 ·
1090 3252 1133 3311 60

192 3337 245 3403 Ira
257 3338 341 3401 furor
356 3334 458 3397 brevis
472 3346 539 3397 est:
561 3336 699 3400 animum
715 3361 808 3425 rege3
831 3339 897 3424 qui,
912 3337 972 3402 nisi
986 3345 1086 3422 paret,

192 3422 346 3509 Imperat:
373 3419 456 3483 hunc
470 3420 575 3497 frenis,
592 3421 675 3485 huuc
689 3436 724 3487 tu
739 3446 899 3510 compesce
914 3422 1033 3488 catoni.

194 3508 304 3596 Fingit
317 3527 432 3593 equum
447 3506 556 3570 teneri
571 3506 703 3571 docilem
718 3511 838 3574 cervice
852 3510 1001 3596 magister

194 3593 246 3658 Ire
262 3595 352 3671 viam,
370 3595 434 3678 qua
447 3603 599 3657 monstret
612 3615 719 3678 eques.
764 3596 945 3674 Venaticus,
961 3616 1002 3660 ex
1017 3614 1081 3680 quo

194 3678 352 3767 Tempore
368 3676 522 3743 cervinam
538 3678 652 3763 pellem
669 3679 791 3746 latravit
804 3682 837 3746 in
852 3684 933 3761 auli,
1094 3682 1139 3743 55
