2442 4059
125 266 176 302 atra.
189 266 205 301 ι.
219 251 255 316 7,]
453 253 736 302 turbulentiarum.
1005 252 1072 317 209

124 405 258 451 civium·
270 400 410 467 [Adraeam]
426 401 601 464 ‘praetonsum’
618 404 697 461 Sciret,
714 418 895 461 remensium,
912 410 944 459 et,
961 402 1024 463 quod
1039 404 1071 451 ad

124 469 219 530 capillos
241 471 361 526 attinebat,
383 475 512 523 attoruamr
537 470 566 516 de
582 471 655 515 barbis
677 468 739 515 enim
761 476 785 515 et
802 470 830 514 de
850 469 961 529 capillitio
982 468 1070 514 intelli-

123 536 228 594 gendum
250 543 315 595 puto,
333 549 362 581 ex
380 549 426 594 quo
442 534 587 594 aliquantum
604 542 696 580 curtato
712 534 790 580 statim
807 535 961 594 perspiciebat
979 533 1069 593 Philip·

122 614 168 660 pus
178 600 329 647 adventorem
346 614 404 655 esse,
422 614 468 645 non
485 607 602 645 tonsorem
619 599 706 659 ipsum,
719 614 790 659 quem
806 599 893 659 alioqui
908 599 1018 658 dignatus
1029 599 1070 645 vix

123 672 192 711 esset.
225 665 286 711 Petr.
309 664 349 719 32,
373 664 509 711 Trimalchio
529 665 600 723 pallio
622 667 723 711 coccinea
744 666 851 711 adroaam
867 661 960 726 (recens
977 658 1069 725 rasum)

120 730 252 777 uclaaerat
268 736 342 789 caput.
353 752 386 763 -
397 725 495 790 [vacad]
515 728 590 789 Finge
608 729 651 775 tibi
669 728 807 775 tonstrinam
823 729 955 775 Romanam
967 743 981 774 a
992 728 1069 774 fronte

120 808 216 853 prorsus
227 803 339 853 apertam,
351 807 450 854 superne
462 801 486 840 et
496 808 510 839 a
521 793 611 853 postici
622 803 689 854 parte
699 801 770 853 atque
782 808 796 839 a
808 794 918 840 lateribus
929 793 1068 839 centonibus

121 858 158 904 rel
175 858 267 918 siperiis
284 860 394 905 adversus
411 858 484 904 solem
498 865 595 904 tectam.
633 859 711 923 Vacua
721 867 808 915 autem,
820 859 875 917 quia
886 859 927 905 itta
944 858 991 903 diei
1010 857 1069 903 hori

120 922 192 969 ceteri
204 924 341 970 adventores
352 925 446 969 barbam
458 930 481 969 et
491 923 585 983 capillos
598 924 874 982 tondendosJ'smdudum
887 932 1011 975 curarantr
1030 921 1068 968 itio

118 988 208 1034 otiosus
226 988 337 1034 nondum.
371 987 399 1033 In
418 987 538 1034 tonstrinis
559 997 638 1033 autem
660 988 742 1035 Romae
763 987 835 1033 etiam
857 1003 920 1033 nunc
942 987 1068 1033 convenire

118 1053 196 1098 solent
214 1052 320 1099 homines
339 1051 431 1112 plebeii.
460 1052 507 1099 ctr.
525 1053 572 1099 Sat.
593 1052 615 1109 l,
632 1051 655 1108 7,
674 1052 741 1099 3.-
753 1048 885 1113 [propriae]
905 1052 996 1111 'ipsum
1013 1052 1066 1109 sibi,

118 1131 167 1164 uon
185 1131 228 1177 per
245 1118 378 1172 tonsorem,’
396 1117 436 1177 qui
456 1125 507 1163 tum
526 1118 606 1177 aliquo
624 1117 700 1163 abisse
720 1118 850 1165 censendus
872 1125 914 1171 est,
933 1117 995 1162 unde
1018 1131 1066 1163 non

118 1181 221 1228 babebat
233 1196 331 1242 quocum
349 1183 543 1229 sermocinaretur
560 1184 651 1229 bleoas.
675 1182 764 1229 Contra
781 1183 856 1229 Fiant.
872 1182 926 1228 Aul.
944 1182 969 1240 2,
984 1181 1007 1236 l,
1025 1180 1067 1241 ³3,

120 1246 183 1297 Quia
194 1249 240 1307 ipra·
248 1248 336 1307 pridem
347 1254 422 1293 torrear
432 1261 519 1309 aegaea
528 1248 664 1308 dempserat.
675 1271 708 1281 -
719 1244 826 1309 [leniter]
844 1247 970 1305 tranquillo
985 1246 1066 1292 animo

118 1317 142 1357 et
153 1311 206 1358 sine
218 1313 267 1358 ulli
279 1311 433 1358 festinatione.
644 1335 647 1343 ·

151 1376 256 1424 52—56.
275 1373 403 1438 [Demetri]
424 1377 478 1423 lam
500 1375 601 1422 hominia
623 1390 678 1422 cum
698 1376 793 1436 pigritiis
816 1377 918 1434 quidam
939 1376 981 1420 sus
1002 1382 1064 1421 sorte

118 1442 224 1487 contenti
236 1441 312 1487 vultus
323 1441 462 1501 habitusque
480 1442 564 1487 excitat
583 1441 725 1501 Philippum,
737 1444 849 1500 utJ‘ocum
865 1440 998 1499 diriperet,
1015 1454 1064 1487 non

117 1513 215 1566 propter
227 1505 304 1553 nescio
315 1521 384 1565 quam
396 1506 508 1553 invidiam
520 1514 561 1552 aut
572 1505 694 1559 malitiam,
707 1506 748 1552 aed
759 1515 853 1566 propter
869 1520 957 1551 meram
975 1500 1063 1564 sirpo-

118 1568 220 1618 rutae.
230 1596 261 1605 -
272 1567 327 1633 [aaa
337 1567 403 1631 loeoe]
422 1571 475 1616 ‘sed
486 1570 635 1627 dexterrime,
647 1568 723 1630 (docte
737 1578 760 1617 et
777 1572 868 1617 cordate
884 1577 907 1617 et
924 1577 981 1625 cate,
992 1581 1019 1615 ot
1029 1569 1064 1615 ait

118 1635 216 1681 Plautus
234 1636 297 1682 Poeu.
311 1636 333 1696 1,
345 1635 367 1687 l.
378 1633 412 1695 3.)
431 1636 566 1695 accipiebat,
582 1635 607 1681 id
624 1642 661 1681 est
676 1635 782 1695 excipere
800 1642 824 1680 et
840 1633 947 1680 celeriter
966 1634 1063 1694 exsequi

115 1700 223 1746 solebat!
234 1725 267 1735 —
278 1696 365 1762 [demo]
385 1700 422 1746 Sic
429 1715 490 1761 saepe
502 1700 526 1745 in
539 1699 657 1759 inscripti.
670 1700 721 1746 Lat.
734 1700 811 1746 Douo
824 1699 944 1756 Psuvsrs,
955 1701 996 1746 &c
1019 1700 1062 1745 ln·

115 1764 230 1823 terrogari
247 1765 319 1825 igitur
331 1767 407 1825 Jubet,
419 1768 485 1825 ‘quoe
496 1766 546 1824 eius
557 1765 633 1825 patria
643 1765 674 1810 ait
685 1763 766 1826 (qaia),
777 1766 839 1824 quod
851 1780 945 1819 nomen,
956 1780 1009 1825 quae
1024 1779 1063 1811 rea

115 1830 245 1877 domestice
262 1838 285 1876 et
301 1828 411 1895 conditio,
423 1830 570 1889 ingenuuane
587 1844 617 1876 an
635 1829 759 1877 libertusi’
770 1854 804 1863 -
816 1826 933 1892 [dicaam]
952 1830 1062 1889 frequens

114 1908 238 1941 servornm
252 1909 280 1941 ac
296 1894 431 1941 libertorum
444 1909 529 1941 nomen
545 1894 688 1955 populariter
705 1903 840 1955 corruptum
857 1896 959 1941 maxime
970 1896 994 1940 in
1009 1894 1061 1941 dia·

114 1958 177 2005 lecto
200 1959 367 2015 Alexandrini,
389 1967 415 2005 ut
437 1960 529 2014 Demae,
548 1960 649 2020 Apollas,
673 1960 754 2016 bacar,
774 1975 803 2007 ex
826 1975 890 2006 nom.
909 1960 1060 2016 Metrodorus,

115 2023 273 2080 Danaodorua,
291 2023 452 2085 Apollodorus,
474 2024 588 2071 Lucanus.
622 2024 698 2083 Igitur
714 2039 744 2071 ex
762 2025 806 2071 boc
822 2040 870 2071 uno
889 2025 984 2071 nomine
1002 2023 1059 2069 l’bi-

114 2087 196 2149 lippus
212 2089 334 2148 colligebat
350 2089 394 2135 sibi
412 2104 465 2136 cum
482 2090 566 2136 liberto
586 2090 673 2136 Vultcii
692 2090 790 2150 alicujus
809 2104 860 2136 rem
880 2088 936 2135 iore.
970 2087 1060 2135 Liberti

110 2162 196 2199 antem
216 2168 246 2199 ex
266 2167 308 2200 usu
328 2154 488 2200 Romanorum
506 2161 575 2215 patre
596 2156 665 2209 nullo,
684 2158 733 2203 riae
749 2163 816 2215 patre
835 2160 896 2200 certo
912 2153 961 2199 nati
978 2160 1059 2200 erant:

114 2226 260 2278 quapropter
280 2232 327 2264 nou
346 2220 471 2279 respondet
490 2219 613 2279 quaestioni
634 2235 677 2280 qao
690 2227 758 2279 patre
776 2234 797 2263 v.
817 2217 971 2264 iil—Verbis
993 2216 1060 2278 cujas

105 2278 212 2343 sartam
229 2283 353 2343 respondet
364 2298 386 2329 v.
394 2299 526 2343 preconem,
544 2287 682 2331 tows-erier.
700 2284 747 2330 Cir.
758 2298 780 2329 v.
794 2283 873 2329 ab—
881 2279 941 2342 [sine
951 2279 1057 2343 crimine]

112 2344 461 2409 tuapromissio—[noram]
488 2350 593 2395 absolute
616 2348 723 2408 ponitur:
750 2351 846 2393 ‘notum
868 2347 929 2392 inter
951 2346 1058 2394 homines

113 2413 220 2472 ejusdem
237 2412 384 2467 conditionis,
395 2412 427 2459 ite
442 2422 468 2459 ut
479 2428 509 2460 ex
520 2414 603 2460 borum
621 2414 723 2472 quolibet
735 2413 764 2460 de
775 2410 879 2458 moribus
890 2420 915 2457 et
925 2411 1003 2457 indole
1013 2414 1058 2459 aud

112 2476 225 2523 sciscitari
238 2476 305 2523 liceat
313 2476 328 2533 ς’
346 2485 395 2523 tum
407 2478 491 2538 pergit,
509 2479 548 2524 ‘se
560 2485 582 2526 et
590 2492 714 2538 properare
724 2478 786 2532 laco‚'
798 2478 841 2523 &o

146 2541 251 2588 bii—bii.
270 2539 458 2604 [Btproperare]
476 2546 513 2588 ‘et
529 2557 553 2589 ae
570 2544 642 2588 modo
657 2542 756 2601 negotiis
772 2541 854 2588 sedulo
864 2555 945 2587 vacare
957 2540 1056 2588 victum·

111 2620 161 2665 qne
180 2620 293 2667 quaerere,
312 2608 381 2654 modo
401 2606 434 2652 uti
454 2607 557 2667 quaesitio
576 2616 647 2667 atque
664 2606 739 2663 otiari,
757 2615 780 2653 et
797 2606 893 2666 quidem
912 2621 954 2652 suo
972 2607 1057 2654 borum

112 2670 220 2729 quidque
239 2673 292 2726 laco,
312 2679 367 2731 apto
385 2678 495 2732 tempore,
516 2668 544 2719 iv
562 2671 655 2789 καὲρῷ]
666 2696 699 2706 -
712 2668 815 2735 [porois]
834 2672 915 2717 ‘tenui
933 2685 1011 2722 censu,
1031 2678 1058 2719 ut

111 2734 164 2795 ipse
181 2735 226 2782 sit!
254 2730 359 2797 Ὅμοιον
376 2734 453 2798 ὁμοίῳ
470 2732 510 2783 del
527 2733 591 2783 πελά
607 2752 678 2785 es-
690 2733 752 2797 [lare
770 2734 843 2799 certa]
861 2737 918 2782 ‘sed
935 2745 1013 2782 tamen
1031 2751 1057 2783 se

110 2802 236 2860 conjugem
248 2808 272 2847 et
283 2802 378 2847 domum
389 2803 425 2847 vel
436 2802 553 2861 propriam
565 2803 601 2847 vel
611 2802 750 2847 conductam
765 2802 860 2856 habere,
871 2816 918 2846 non
935 2802 961 2847 in
977 2816 1056 2848 caena-

110 2864 166 2910 culo
178 2865 300 2911 dumtaxat
310 2866 430 2912 habitare'
441 2890 475 2901 -
487 2862 553 2927 [past
567 2863 655 2928 moira]
674 2870 762 2925 ‘quum
779 2874 894 2913 transacta
904 2867 952 2912 sint
963 2866 1058 2925 negotia

110 2928 184 2974 etiam
201 2944 344 2989 praeconum,
360 2930 384 2976 id
400 2939 435 2977 est
452 2931 542 2978 circiter
560 2930 642 2977 horam
659 2932 780 2977 octavam!
814 2932 842 2978 ln
857 2946 965 2991 campum
976 2940 1057 2977 autem

111 2993 226 3040 Martiam
246 3001 301 3041 tunc
319 2995 396 3056 ipsum
416 2996 492 3042 iturus
509 3002 567 3051 eret,
584 3004 611 3041 ut
629 2995 678 3056 pita
696 2996 788 3042 luderet
806 2996 844 3042 vel
862 2996 969 3043 ludentes
988 3010 1055 3056 spec·

109 3064 180 3105 taret.

144 3122 185 3177 62,
197 3122 236 3170 aa
255 3121 367 3186 [Mirari]
384 3134 465 3186 utpote
483 3126 523 3187 qui
541 3140 663 3185 nunquam
679 3123 704 3171 in
720 3126 791 3173 talem
803 3126 898 3171 domum
916 3126 946 3172 ad
963 3138 1055 3171 coenarn

108 3195 207 3234 vocatus
222 3197 290 3235 esset.
300 3212 333 3223 -
345 3186 474 3254 [Benigne]
500 3200 527 3237 ut
545 3206 566 3237 v.
585 3190 622 3237 la.
634 3214 667 3225 -
678 3186 779 3253 [Neget]
804 3192 927 3251 conjunct.
945 3190 989 3236 hoc
1006 3189 1055 3249 aig-

109 3251 207 3298 nificat:
225 3254 348 3300 ‘Potestne
360 3255 419 3311 lieri,
430 3257 473 3311 ut,'
489 3258 530 3303 &a
543 3282 574 3291 -
587 3251 726 3318 [improbas]
745 3256 881 3317 ‘pervicax'

142 3316 246 3365 tit—69.
265 3315 419 3382 [uendentem]
450 3321 580 3381 Tamquam
601 3335 678 3380 prceco
698 3322 831 3367 auctionem
853 3319 951 3366 iaciebat
971 3317 1055 3367 vilium

108 3381 231 3438 mercium,
251 3398 303 3442 qun
321 3384 419 3430 aliorum
437 3394 511 3433 erant.
522 3410 555 3420 -
566 3382 694 3448 [ιιιιιίοοιο]
712 3387 820 3446 opifices,
833 3382 958 3431 tabernarii
976 3384 1053 3429 omni.

109 3460 188 3504 noque
211 3448 361 3507 pauperiores
383 3449 463 3503 tunici
484 3451 652 3506 tantummodo,
674 3465 721 3497 non
747 3453 808 3509 toga,
830 3448 907 3495 induti
934 3456 1054 3494 erant.—

109 3506 215 3573 [scrato]
234 3513 313 3571 “quas
325 3513 408 3572 vulgus
424 3516 608 3574 grutasvooat.''
628 3517 709 3563 Cosam
723 3516 761 3561 Or.
771 3532 780 3569 ,·
798 3514 859 3559 unde
880 3511 964 3559 clarius
983 3512 1054 3559 etiam

107 3574 186 3623 elucet
202 3577 307 3624 vocabuli
323 3578 402 3625 Latini
418 3579 525 3639 cognatio
536 3595 589 3627 cum
599 3579 643 3627 Gr.
655 3577 672 3638 ἡ
684 3576 771 3642 γρῦτη.
806 3577 909 3624 Lucilius
919 3577 982 3637 apud
993 3578 1053 3624 Geli.
