2442 4059
123 303 178 340 m.
191 283 219 340 11'.
232 289 266 355 a]
459 291 741 340 mrnnenararto.
1006 291 1068 357 183

123 457 155 490 ex
172 456 237 489 more
253 442 302 488 avis
320 442 412 502 integra
428 442 567 503 apponenda
585 450 655 499 esset,
667 444 717 504 Jaru
736 444 850 503 discerpta
868 457 945 503 neque
962 458 992 490 ex
1012 445 1069 492 artis
1104 443 1106 451 “

122 507 212 567 regulis
225 517 286 554 secta
297 507 399 555 affertur.
407 531 439 541 —
449 505 538 569 [gruis]
558 509 624 554 Tunc
635 508 730 554 ciconias
741 507 936 568 praeierebantur;
953 523 1009 568 ergo
1026 524 1069 570 per

123 587 150 618 se
167 587 260 632 quoque
277 587 324 618 uon
342 573 397 618 sutis
417 587 544 631 congruum
564 572 753 629 erutiereulum,
773 573 831 619 mire
848 574 977 634 prasertim
995 572 1068 621 nimio
1117 590 1122 598 ·

123 638 174 684 sale
186 646 209 682 et
221 637 281 682 farre
292 637 399 683 immitto
410 651 566 697 conspersum.

157 702 261 749 88-90.
280 698 434 765 [Pinguibus]
461 703 512 748 Hoc
533 701 649 761 signifieat
668 701 810 749 Nasidienus
831 703 943 758 convivis,
961 717 1067 750 anserem

122 780 172 812 non
182 767 315 826 vulgaribus
328 767 384 823 licis,
391 769 431 812 sed
443 767 504 812 succi
515 766 617 813 melioris
625 775 648 813 at
659 767 836 813 abundantioris
846 768 978 826 saginatum
988 768 1067 815 inisse.

124 827 210 893 [alica]
228 839 313 891 praeter
329 831 429 878 colorem
449 831 564 877 ludicatur
583 845 661 888 sexus,
679 831 840 892 tenerioraque
859 847 908 878 esse
922 833 1027 892 jecinora
1043 842 1068 880 et

121 896 264 943 feminarum
276 904 299 941 et
310 897 423 942 albarum.
456 896 546 942 Eadem
557 895 685 942 subtilitate
697 897 759 942 Pers.
769 896 793 952 0,
804 896 843 953 24,
854 899 974 944 turdarum
983 900 1068 945 salivas

121 961 193 1020 (lixit,
208 975 254 1006 non
266 962 428 1007 turdorum—
438 957 536 1022 [armos]
553 961 677 1008 shoulders.
699 963 713 987 ‘⁸
721 961 784 1011 Quia
794 961 867 1006 lumbi
879 963 967 1008 habent
977 962 1067 1023 aliquid

121 1025 178 1071 tetri
190 1025 267 1071 odoris
281 1034 305 1070 et
319 1027 407 1085 saporis
421 1025 499 1072 minus
511 1025 634 1085 jucundi.”
661 1027 743 1072 Coram·
756 1026 824 1088 Cruq.
834 1022 932 1083 -editJ
949 1027 1066 1088 cunjunc-

121 1090 185 1138 tirus
197 1090 306 1151 antiquus
317 1092 384 1145 edim,
395 1091 450 1145 edis,
462 1093 517 1146 edil,
528 1100 554 1137 ut
567 1090 641 1151 Epotl.
652 1090 675 1145 3,
687 1090 710 1137 3.

155 1154 260 1202 91-95.
279 1149 400 1216 [merulos]
417 1155 488 1202 Nunc
500 1163 560 1201 certe
572 1155 602 1208 ab
615 1156 679 1201 ltalia
694 1170 741 1201 non
756 1155 918 1211 comeduntur,
935 1155 976 1201 sed
987 1163 1067 1202 tamen

120 1219 262 1266 olimetiam
274 1220 380 1266 Athenis.
415 1219 532 1280 Aristoph.
546 1220 588 1266 nv.
602 1220 672 1266 1081.
706 1220 810 1266 Merulaa
825 1219 938 1266 inassatas
954 1220 1067 1279 dysente-

120 1283 177 1330 ricis
193 1283 282 1329 mederi
299 1293 380 1330 auctor
396 1291 431 1330 est
442 1284 532 1330 Plinius
547 1283 585 1341 30,
597 1283 620 1340 7.
654 1284 757 1345 Apponit
775 1284 848 1344 igitur
866 1284 988 1340 ferculum,
1004 1287 1067 1344 quod

121 1349 207 1396 Roma
218 1347 274 1394 alias
285 1349 407 1394 medicinae
418 1347 495 1408 potius
514 1350 563 1395 loco
575 1350 667 1395 videtur
684 1363 734 1395 esse
747 1349 860 1396 iunctum.
870 1370 902 1382 -
911 1347 971 1411 [aine
988 1346 1066 1412 clune]

121 1414 183 1464 Quas
201 1428 255 1473 pars
274 1413 362 1474 optima
379 1410 688 1476 lamburn-[canidio]
706 1428 762 1472 saga
778 1422 802 1460 et
818 1413 927 1460 venefica
962 1413 1066 1473 Epod.5

120 1487 145 1525 et
167 1477 204 1534 17.
222 1479 271 1524 Sat.
293 1478 314 1534 1,
333 1474 526 1540 8.—[afflaaset]
550 1479 683 1524 Credebant
699 1477 804 1525 afflatum
821 1479 949 1540 prasertim
966 1479 1066 1525 basilisci

119 1543 269 1605 repentinam
281 1543 370 1588 homlul
384 1553 483 1589 mortem
496 1543 585 1590 afferre.
620 1544 647 1589 c.
662 1543 779 1601 Rabirius,
794 1544 830 1589 ed.
843 1543 964 1603 Kreysslg.
976 1559 998 1603 p.
1010 1543 1066 1600 226,

119 1609 229 1656 Perculit
239 1609 409 1666 adstatu'breuis
421 1610 479 1654 iruna
489 1611 536 1655 ains
548 1609 657 1654 morsibus
667 1611 756 1670 anguis.
765 1631 798 1643 -
805 1605 897 1670 [Afris]
915 1609 983 1667 longe
995 1617 1066 1655 teter·

119 1673 195 1728 rimis,
207 1681 233 1719 ut
244 1673 288 1721 Od.
298 1673 321 1730 3,
335 1672 372 1727 10,
387 1672 424 1724 18.
437 1673 674 1735 Mauris-anguina
680 1691 690 1726 ,·
701 1673 760 1720 airis
768 1681 829 1720 esset
837 1674 936 1734 simplex
947 1670 1067 1722 ἐπίθετον

118 1751 216 1796 ornans,
227 1747 253 1784 ut
264 1736 308 1784 Od.
321 1735 344 1795 3,
357 1736 379 1798 i,
392 1737 429 1794 17,
441 1739 499 1785 atris
510 1753 600 1800 corpore
610 1739 702 1800 viperis.
