2442 4059
384 263 584 308 scurranum
598 262 666 307 Lm.
683 266 706 308 1.
725 249 752 308 l.
1026 248 1049 311 3

113 417 157 481 At
170 416 250 481 bona
263 438 334 501 pars
347 415 516 493 hominum,
534 414 664 501 decepta
677 414 822 501 cupidine
837 416 924 493 falso,

113 502 166 567 Nil
182 502 253 567 satis
268 515 324 579 est,
340 502 458 587 inquit3
481 501 555 586 quia
568 501 656 578 tanti,
673 514 823 587 quantum
837 502 960 581 habeas,
976 503 1026 569 sis.

114 587 198 664 Quid
212 588 305 653 facias
320 587 388 651 illi?
406 587 517 674 jubeas
532 587 679 651 miserum
693 611 770 665 esse,
787 588 922 653 libenter

114 674 276 749 Quatenus
291 674 323 737 id
337 674 427 751 facit3
451 686 485 738 nt
500 673 624 759 quidam
640 687 825 738 memoratur
841 675 975 740 Athenis

115 759 260 824 Sordidus
274 782 311 824 ae
326 759 421 836 dives,
437 760 544 845 populi
559 773 757 825 contemnere
772 783 863 825 voces
1007 768 1049 825 65

115 845 167 909 Sic
180 846 304 911 solitus:
330 846 468 931 Populus
483 868 532 909 me
548 845 667 922 sibilat3
682 858 714 910 at
729 846 803 910 mihi
818 846 931 932 plaudo

114 931 129 995 Ι
154 952 186 995 se
202 932 293 1009 domi,
309 931 437 995 simulac
452 954 593 995 nummos
607 932 798 1017 contemplor
812 932 844 996 in
859 934 940 998 ared.

115 954 264 1082 dentatus
277 1040 297 1081 a
310 1017 402 1082 labris
417 1017 523 1082 sitiens
537 1017 569 1080 fu
594 1017 690 1081 ientia
704 1028 807 1103 captat

115 1102 259 1167 Flumina
280 1149 353 1169 ....
378 1104 464 1179 Quid
483 1041 593 1167 rides?
609 1115 728 1169 mutato
743 1104 867 1168 nomine
882 1104 921 1169 de
936 1117 967 1168 te

115 1187 234 1253 Fabula
248 1201 404 1271 narratur:
426 1189 583 1275 congestis
599 1190 737 1275 undique
752 1190 847 1254 saccis
1011 1196 1053 1254 70

115 1274 268 1339 Indormis
284 1274 414 1351 inhians,
431 1287 463 1339 et
477 1288 634 1361 tamquam
650 1298 776 1361 parcere
791 1276 884 1341 saeris

116 1360 257 1448 Cogeris,
273 1374 326 1426 aut
341 1362 431 1446 pictis
446 1373 602 1446 tamquam
616 1361 753 1448 gaudere
768 1362 898 1426 tabellis.

115 1446 236 1524 Nescis,
253 1469 315 1532 quo
331 1447 431 1512 valeat
445 1446 612 1511 nummus?
634 1469 728 1532 quem
743 1448 879 1533 praebeat
892 1447 1009 1513 usum?

115 1532 211 1597 Panis
224 1545 352 1611 ematur,
369 1533 446 1611 olus
459 1533 524 1597 vini
539 1534 701 1611 sextarius,
716 1534 804 1610 adde,
911 1580 925 1621 χ

115 1618 218 1693 Queis
233 1618 366 1684 humana
380 1619 439 1684 sibi
453 1618 557 1683 doleat
570 1631 680 1683 natura
693 1621 825 1705 negatis.
944 1658 952 1671 ·
1015 1625 1056 1685 75

114 1705 171 1768 An
187 1704 314 1791 vigilare
330 1717 414 1769 metu
430 1706 614 1782 exanimem,
631 1716 800 1791 noctesque
815 1706 942 1791 diesque

10 1821 19 1849 t
117 1790 146 1854 F
147 1790 297 1854 ormidare
313 1792 408 1855 malos
423 1793 516 1868 fures,
532 1790 684 1865 incendia,
700 1814 814 1868 servos,

117 1875 169 1941 Ne
185 1888 216 1940 te
231 1876 400 1962 compileut
413 1874 579 1965 fugientes,
595 1877 654 1941 hoc
663 1878 777 1963 juvat?
807 1878 932 1943 Horum
1040 1905 1044 1914 ‚

118 1962 252 2047 Semper
267 1985 327 2111 epo
342 1963 471 2049 optarim
487 1963 700 2049 pauperrimus
716 1985 782 2029 esse
798 1964 958 2029 bonorum.

116 2048 165 2113 At
180 2048 206 2112 si
221 2070 278 2113 con
301 2049 378 2113 oluit
392 2060 544 2114 tentatum
560 2049 676 2134 frigore
690 2072 811 2135 corpus,
1017 2054 1058 2113 80

116 2134 187 2198 Aut
201 2134 280 2198 alius
295 2156 381 2199 casus
396 2136 476 2201 lecto
492 2148 522 2199 te
536 2134 645 2209 affixit,
661 2134 766 2214 habes,
783 2136 838 2222 qui

116 2220 282 2298 Adsideat,
298 2220 435 2286 fomenta
449 2233 547 2307 paret,
565 2220 719 2285 medicum
734 2235 834 2308 roget,
851 2233 887 2285 ut
901 2234 933 2286 te

117 2306 259 2371 Suscitet
271 2328 308 2370 ao
323 2306 401 2371 natis
415 2307 523 2372 reddat
537 2306 677 2392 carisque
692 2306 898 2393 propinquis?

116 2391 196 2455 Non
213 2414 290 2456 uxor
304 2392 421 2457 salvum
437 2405 468 2457 te
484 2392 559 2469 vult,
576 2415 639 2456 nou
654 2391 754 2469 filius;
771 2416 877 2457 omnes

115 2477 228 2543 Vicini
243 2477 383 2555 oderunt,
400 2478 476 2555 noti,
492 2478 581 2564 pueri
595 2491 689 2563 atque
704 2480 825 2565 puellae.
1021 2483 1062 2542 85

117 2561 260 2641 Miraris,
277 2586 373 2649 quum
389 2576 422 2628 tu
437 2576 566 2650 argento
581 2577 652 2649 post
665 2565 768 2629 omnia
782 2588 888 2652 ponas,

117 2649 156 2715 Si
171 2672 265 2713 nemo
280 2662 414 2734 praestet,
430 2673 522 2735 quem
538 2673 600 2715 non
617 2650 772 2727 merearis,
786 2649 947 2716 amorem?

114 2736 185 2811 An,
201 2736 228 2800 si
243 2748 399 2822 cognatos,
415 2736 500 2800 nullo
514 2747 625 2801 natura
637 2736 742 2801 labore

117 2820 214 2896 Quos
229 2821 286 2886 tibi
301 2820 362 2898 dat,
378 2822 512 2886 retinere
527 2822 615 2899 velis,
631 2844 816 2907 servareque
830 2822 954 2900 amicos,

115 2906 240 2971 Infelix
254 2929 380 2992 operam
394 2906 527 2993 perdas?
548 2920 583 2972 ut
597 2908 624 2972 si
638 2909 708 2993 quis
722 2909 852 2973 asellum
1024 2913 1065 2969 90

115 2992 162 3057 ln
179 3015 287 3079 campo
303 2992 411 3059 doceat
425 3006 585 3079 parentem
601 3016 724 3059 currere
739 2994 844 3077 frenis.

113 3078 275 3164 Denique
289 3079 330 3144 sit
344 3079 414 3144 finis
429 3080 603 3165 quaerendi;
628 3102 786 3165 quumque
801 3080 914 3146 habeas
929 3079 1008 3165 plus,

117 3164 314 3250 Pauperiem
329 3176 448 3230 metuas
463 3166 574 3242 minus,
591 3178 624 3230 et
638 3166 727 3230 finire
742 3165 878 3230 laborem

116 3250 273 3336 Incipias,
289 3264 387 3336 parto,
404 3251 487 3336 quod
501 3251 624 3328 avebas‚
640 3275 681 3316 ne
696 3251 799 3328 facias,
816 3251 899 3336 quod

118 3336 307 3401 Ummidius
322 3336 468 3422 quidam3
484 3360 546 3401 non
563 3337 657 3425 longa
671 3350 718 3402 est
732 3337 853 3402 fabula:
870 3337 967 3413 dives,
1026 3340 1067 3399 95

117 3422 176 3487 Ut
192 3423 351 3487 metiretur
366 3446 525 3499 nummos3
550 3422 593 3487 ita
607 3422 755 3500 sordidus,
773 3437 808 3488 ut
822 3445 855 3486 se
878 3471 882 3479 .

117 3508 202 3573 Non
218 3530 356 3593 unquam
370 3532 459 3575 servo
474 3508 584 3573 melius
598 3508 744 3584 vestiret3
766 3510 805 3572 ad
822 3528 919 3591 usque

120 3594 317 3681 Supremum
333 3608 465 3681 tempus,
482 3617 522 3664 nc
536 3617 569 3659 se
583 3594 714 3742 pqnuria
728 3593 828 3658 vietirs

575 3700 596 3742 Β
