2442 4059
189 246 244 311 ὅθ’
338 273 344 293 r
466 265 666 311 scurranum
687 263 756 311 mn.
773 266 811 311 11.
826 249 856 310 8.

188 417 251 481 Vel
265 440 362 503 quum
379 417 527 483 Pausiaca
543 429 655 503 torpes,
671 416 789 494 insane,
805 415 929 492 tabella,
1093 421 1135 480 60

189 503 256 579 Qui
272 526 380 589 peccas
395 504 496 569 minus
511 516 605 589 atque
620 525 689 589 ego,
702 526 799 588 quum
813 502 905 566 Fulvi
921 500 1134 588 Rutubaeque,

189 592 258 654 Aut
274 589 451 653 Pacideiani
466 601 612 655 contento
627 589 745 675 poplite
760 589 854 653 miror

191 675 315 751 Proelia,
332 675 453 740 rubrica
468 677 551 762 picta
565 687 620 740 aut
633 676 765 739 carbone
777 699 785 751 ;
808 675 894 739 velut
907 673 934 738 si

192 761 330 825 Reverti
346 775 497 848 pugnent,
513 762 635 838 feriant,
652 761 814 846 vitentque
829 774 989 824 moventes

189 848 288 912 Arma
303 845 384 911 viri?
429 846 584 933 Nequam,
601 860 634 912 et
648 859 781 912 cessator
796 847 922 922 Davus3
944 856 978 909 at
991 844 1059 932 ipse
1093 851 1136 909 65

192 931 322 998 Subtilis
337 945 478 997 veterum
489 934 589 1021 judex
604 945 637 997 et
650 934 778 997 callidus
791 932 888 996 audis.

194 1017 249 1082 Nil
265 1042 334 1106 ego,
350 1020 376 1085 si
392 1020 486 1083 ducor
500 1020 564 1084 libo
579 1021 737 1096 fumante3
760 1018 817 1083 tibi
832 1018 943 1106 ingens

193 1104 303 1185 Virtus
317 1118 410 1191 atque
426 1108 547 1171 animus
562 1105 659 1170 coenis
673 1117 833 1191 responsat
846 1102 983 1190 opimis?

194 1190 391 1276 Obsequium
406 1192 522 1256 ventris
536 1191 612 1255 mihi
627 1191 828 1276 perniciosius
842 1204 890 1254 est
904 1188 982 1253 cur?

195 1275 303 1364 Tergo
318 1276 436 1362 plector
451 1277 544 1341 enim.
585 1276 653 1351 Qui
668 1288 703 1341 tu
717 1276 898 1362 impunitior
911 1276 973 1353 illa,
1095 1280 1137 1339 70

196 1362 279 1437 Quae
293 1386 387 1449 parvo
402 1364 482 1427 sumi
498 1375 669 1448 nequeunt,
685 1362 813 1427 obsonia
827 1360 957 1447 captas?

196 1447 321 1534 Nempe
337 1449 564 1513 inamarescunt
578 1448 678 1535 epulae
692 1448 759 1513 sine
775 1448 837 1513 fine
851 1449 967 1534 petitae,

197 1533 348 1619 Illusique
364 1535 458 1620 pedes
473 1535 618 1600 vitiosum
631 1535 711 1599 ferre
726 1546 868 1599 recusant

198 1618 328 1705 Corpus.
354 1621 406 1684 An
421 1620 471 1685 hic
486 1633 603 1707 peccat,
619 1620 677 1686 sub
692 1632 813 1685 noctem
830 1620 884 1706 qni
896 1642 977 1721 puer
990 1640 1083 1684 uvam

197 1705 326 1771 Furtivri
342 1718 440 1779 mutat
454 1706 592 1793 strigili?
613 1706 669 1791 qui
705 1706 798 1770 raedia
812 1706 929 1783 vendit,
1095 1709 1136 1769 75

197 1790 252 1854 Nil
267 1792 389 1869 servile,
406 1793 488 1878 gulae
503 1815 625 1880 parens,
641 1728 760 1856 halet?
804 1792 905 1868 Adde,
922 1791 1004 1877 quod
1019 1790 1103 1855 idem

195 1876 269 1942 Non
285 1876 390 1942 horam
406 1892 507 1942 tecum
524 1900 590 1943 esse
605 1890 713 1963 potes3
735 1900 798 1941 non
814 1879 877 1943 otia
891 1891 974 1942 recte

193 1962 334 2028 Ponere:
358 1974 452 2049 teque
466 1964 567 2049 ipsum
582 1964 670 2041 vitas,
687 1964 837 2052 fugitivus
852 1975 884 2029 et
898 1986 977 2039 erro,

192 2048 264 2114 Jum
278 2048 352 2113 vino
367 2072 519 2135 quaerens,
531 2051 598 2136 jam
614 2072 722 2114 somno
736 2050 843 2115 fallere
858 2072 982 2115 curam:

195 2134 341 2211 Frustra3
368 2158 440 2200 nam
466 2158 569 2201 comes
591 2146 658 2201 atra
680 2135 794 2222 premit
818 2136 1022 2222 sequiturque
1047 2134 1138 2221 fuga-

280 2244 358 2286 cem.

202 2308 285 2372 Unde
313 2310 390 2372 milti
417 2307 576 2445 gepidam?
628 2307 786 2384 Quorsum
816 2319 864 2372 est
891 2306 995 2395 opus?
1055 2306 1141 2371 Unde

281 2398 423 2459 soiitos.

199 2419 393 2545 Antiniana
408 2481 509 2557 homo,
524 2490 579 2545 aut
592 2501 698 2545 versus
712 2479 796 2545 facit.
843 2480 935 2545 Ocior
948 2482 1059 2543 tincae
1131 2535 1135 2541 .

198 2566 245 2629 Ni
259 2569 353 2651 rapio,
369 2568 485 2630 accedes
499 2588 589 2651 opera
602 2589 677 2652 apro
691 2589 770 2631 nona
780 2567 902 2631 satim

587 2787 750 2799 -1——1-

560 2951 682 2996 sartan
704 2953 780 2997 vm.

201 3083 269 3148 ‘Ut
284 3082 447 3147 Nasidieni
456 3082 541 3170 juvit
554 3095 586 3149 te
601 3106 691 3149 coena
705 3082 814 3150 beati?

201 3170 282 3233 Nam
297 3169 374 3232 mihi
389 3170 540 3253 quaerenti
555 3179 714 3235 convivam
729 3170 829 3237 dictus
843 3173 918 3237 here
931 3172 996 3238 illic

200 3255 254 3323 De
268 3254 371 3318 medio
386 3267 492 3339 potare
507 3254 577 3319 die!
623 3256 686 3334 sie,
703 3268 738 3321 ut
751 3257 828 3321 milri
842 3280 1002 3345 nunquam

200 3342 240 3406 In
256 3341 319 3406 vitri
334 3340 427 3404 luerit
441 3340 561 3405 melius.
607 3340 689 3420 ‘Da‚
705 3343 731 3407 si
746 3366 841 3430 grave
855 3367 918 3409 nou
933 3356 990 3423 est,

200 3428 282 3503 Quae
297 3428 397 3513 prima
409 3426 521 3490 iratum
535 3437 676 3492 ventrem
689 3428 856 3513 placaverit
870 3433 960 3495 esca?
1121 3437 1141 3495 5

200 3513 238 3577 ln
254 3513 361 3599 primis
376 3513 522 3576 Lucanus
536 3534 611 3597 aper
629 3513 706 3596 (leni
720 3515 780 3580 fuit
796 3518 912 3581 Austro

200 3597 329 3684 Captus,
346 3611 381 3665 ut
393 3597 497 3663 aiebat
511 3620 608 3663 coenae
622 3601 724 3685 pater)
737 3624 747 3678 3
768 3602 852 3667 acria
866 3603 980 3668 circum
