2442 4059
139 239 201 304 112
467 239 753 288 mraaenamrro.
1012 237 1086 306 [aas.

97 436 101 442 ,
135 389 193 438 inre
201 390 307 452 judiciali
316 397 352 436 est
360 389 388 446 is,
396 392 483 451 quipro
490 391 562 437 altero
572 393 723 444 uadimonium
728 393 842 452 promittit
851 389 947 451 (Varro)
956 391 981 439 id
990 401 1034 450 est,
1043 395 1085 455 qui

135 457 198 517 apud
215 466 336 516 praetorem
355 457 461 516 spondet,
481 470 547 502 reum
564 455 589 502 in
602 456 719 516 judicium
736 457 801 510 sistis
818 458 882 517 quod
894 457 918 502 ni
930 458 979 513 ilat,
996 459 1047 505 fore
1058 470 1087 506 ut

134 521 184 582 ipse
194 521 241 567 litis
249 520 427 567 aestimationem
435 521 538 566 sufferat.
559 522 701 568 Rusticanus
712 523 831 568 Romanus
843 522 921 580 igitur,
930 523 1018 570 invitus
1029 525 1085 583 qui·

135 588 196 637 dem,
214 587 254 631 sed
272 600 301 631 ne
320 585 452 630 vadimonio
469 586 561 630 deserto
580 586 646 632 litem
665 586 765 641 amittat,
782 585 806 632 in
824 587 912 632 Urbem
932 602 956 632 se
976 589 1083 636 conferre

136 658 235 706 coactus,
247 651 297 710 ejus
308 649 395 696 incolas
407 651 462 706 alti,
475 659 501 695 ut
512 651 588 696 solent
599 651 688 707 rustici,
700 667 755 698 voce
765 652 800 697 rel
812 651 953 697 ideofelices
963 653 1085 712 predicat,

134 716 198 775 quod
208 724 292 775 praeter
303 714 377 760 multa
388 715 434 760 alia
445 715 498 760 vitae
510 716 596 773 gaudia
608 716 678 774 longe
686 715 831 762 commodius
839 717 940 774 negotiis
951 716 1084 765 forensibus

134 795 228 840 operam
241 793 326 825 navare
339 779 434 838 possint,
445 780 494 840 ipse
506 795 579 839 quum
592 790 714 840 propterea
726 790 817 826 tautum
829 781 939 840 temporis
950 784 1039 842 perdat.

168 843 270 892 13-18.
305 845 386 891 Cetera
396 846 424 891 de
433 860 516 906 genere
525 841 578 906 boc]
591 845 735 904 Principium
745 849 824 892 versus
832 846 974 898 Lucretiani.
992 847 1016 901 t,
1025 849 1084 898 591.

134 909 164 956 Β.
183 907 294 970 [Fabium
330 910 385 955 Fuit
400 909 487 955 Fabius
500 907 633 968 (Maximus
652 909 755 971 torpa),
773 925 844 969 eques
855 912 977 974 Romanus
990 912 1083 959 Narbo-

134 974 222 1028 nensis,
231 975 271 1033 qul
280 975 369 1034 aliquot
379 974 449 1020 libros
458 974 600 1034 pertinentes
608 976 638 1020 ad
647 976 747 1023 Stoicam
757 975 927 1035 philosophiam
938 977 1082 1036 conscripsit.

135 1037 181 1084 llic
199 1048 277 1084 autem
291 1039 376 1085 Fabius
393 1039 642 1100 Pompeianaspartes
660 1050 753 1086 secutus
770 1049 805 1086 est
822 1049 846 1086 et
864 1055 917 1086 cum
937 1041 1036 1088 lloratio
1052 1044 1082 1089 de

134 1101 263 1164 disciplinis
275 1119 337 1166 soepe
348 1104 475 1150 contendit.
494 1105 549 1150 Aer.
585 1102 649 1165 [Quo
660 1120 707 1151 rens
721 1102 844 1166 dediscam]
861 1106 920 1164 ‘qui
933 1105 963 1151 sit
974 1106 1081 1167 disputa·

134 1167 204 1214 tionis
216 1184 273 1214 meae
284 1167 354 1215 finis?
381 1167 432 1230 [En
444 1165 497 1229 ego]
516 1168 570 1214 Noli
582 1170 633 1215 haec
640 1171 741 1229 jungere
752 1184 805 1215 cum
818 1166 941 1229 asariam,
949 1171 990 1215 eed
1001 1182 1046 1228 est,
1055 1180 1083 1219 ut

133 1231 208 1279 Varro
227 1234 256 1280 R.
273 1234 301 1280 R.
316 1233 389 1290 1,56‚
406 1250 433 1280 en
447 1235 501 1296 quin
515 1235 603 1280 adsum.
637 1235 729 1280 Sallust
742 1236 807 1280 Orat.
820 1234 929 1288 Curtaei,
947 1236 1036 1282 Adsunt
1052 1253 1081 1284 ers

136 1298 161 1344 0.
175 1299 242 1346 Cotta
252 1300 336 1346 consul.
371 1294 444 1360 [Eia]
459 1299 482 1345 h.
495 1298 511 1344 l.
522 1307 557 1344 est
568 1298 718 1358 impatienter
729 1299 878 1359 increpantis.
901 1300 998 1345 Cessare
1007 1302 1080 1358 videt,

133 1378 192 1423 quos
203 1365 281 1409 statim
293 1365 435 1410 discessuros
446 1363 628 1420 existimaverat,
639 1363 740 1424 ideoque
751 1372 832 1410 evocat
846 1374 954 1420 moratos,
965 1365 1080 1428 additque

148 1426 313 1475 uidstatr's'?

133 1443 146 1489 q
165 1493 269 1539 20-24.
288 1491 366 1554 [arsid
383 1488 522 1553 causaest]
540 1493 605 1543 Quid
623 1493 647 1538 ni
665 1502 760 1554 propter
777 1493 838 1540 hauc
853 1494 1006 1541 stoliditatem
1025 1511 1079 1542 cum

132 1555 290 1604 inconstantia
301 1561 447 1618 conjunctam
460 1559 543 1603 merito
553 1559 628 1604 iratus
639 1559 732 1617 Jupiter
748 1559 795 1608 illis
815 1561 898 1604 buccas
910 1559 994 1605 infleti
1014 1561 1080 1608 Alibi

133 1620 180 1676 τὰς
194 1619 308 1684 γνάθους
322 1621 406 1686 poagia
417 1621 498 1677 fastris,
516 1623 539 1669 h.
550 1623 566 1669 1.
578 1623 705 1684 iracundiae
721 1623 823 1683 signum,
840 1633 867 1670 ut
878 1625 975 1670 l'lautus
992 1625 1077 1673 Bacch.

132 1700 153 1732 v.
166 1686 205 1741 21,
221 1689 333 1746 srfflotum
345 1696 411 1733 vocat
423 1690 464 1734 irae
473 1689 564 1748 plenam
576 1689 683 1743 militem,
701 1697 724 1734 et
736 1689 885 1748 iungendum
899 1689 1015 1734 artissime
1026 1705 1078 1738 esse

131 1752 180 1797 r'llis
192 1754 254 1810 inflet
271 1760 386 1798 monstrat
400 1752 431 1798 id.
444 1752 523 1798 Oasin.
535 1752 557 1808 3,
570 1752 594 1811 3,
608 1752 646 1809 19,
663 1754 700 1799 tic
711 1753 794 1800 Nescio
804 1755 861 1814 quid
870 1769 893 1801 se
903 1756 1001 1812 sufflavit
1011 1758 1080 1802 mori

131 1831 186 1871 suae,
198 1817 255 1862 item
267 1817 349 1863 iratus.
374 1812 517 1878 [Praeterea]
536 1825 572 1863 est
582 1817 639 1863 item
652 1818 735 1864 modus
747 1818 900 1864 Lucretianus
912 1819 1079 1867 continuandae

131 1881 232 1927 orationi
244 1882 380 1928 inserviens.
413 1883 484 1938 ‘Sed,
496 1882 539 1927 etsi
551 1897 648 1942 pergere
659 1883 684 1928 in
696 1884 778 1933 eodem
790 1892 928 1943 argumento
939 1886 1015 1942 juvat,
1025 1885 1079 1944 jam

131 1945 192 1992 serio
209 1947 298 2005 loquar,
315 1961 345 1991 ne
361 1954 439 1992 cetera
454 1961 547 2006 quoque
567 1947 647 1994 ridens
666 1962 800 2008 percurram
821 1945 977 2008 (jocabundus
995 1950 1079 1996 leviter

129 2011 289 2070 pertractem),
302 2017 328 2057 at
338 2013 378 2072 qai
384 2009 503 2071 jocularia
517 2011 639 2071 percurrit,
652 2013 676 2058 id
688 2013 739 2069 est,’
752 2021 779 2060 ut
789 2013 865 2058 solent
874 2013 987 2072 aretalogi
998 2029 1078 2061 coram

130 2077 195 2134 vulgi
207 2076 299 2122 circulis
311 2075 335 2121 in
347 2075 429 2136 plateis
441 2091 515 2134 nugas
527 2091 581 2122 suas
591 2076 703 2137 proferre.

163 2142 267 2194 25-27.
287 2139 350 2202 [oiim
362 2138 431 2201 dant]
449 2140 538 2186 ‘solent
549 2140 620 2196 dare,’
632 2141 749 2203 frequenti
765 2157 808 2188 usu
820 2155 841 2188 v.
854 2143 907 2188 olins
922 2142 947 2188 in
962 2143 1078 2204 exemplis

130 2214 155 2252 et
165 2206 365 2254 similitudinibus.
389 2203 449 2268 [Sed
463 2201 551 2266 tamen]
564 2205 609 2252 Hae
622 2207 750 2266 particulae,
766 2216 793 2252 ut
803 2207 939 2266 simpliciter
948 2210 991 2254 sed
999 2212 1078 2264 atlans,

129 2280 181 2332 post
193 2273 321 2331 longiorem
333 2271 484 2332 parenthesin
496 2271 651 2334 interruptam
662 2273 793 2318 orationem
804 2271 932 2332 excipiunt,
949 2273 979 2319 B.

162 2336 200 2382 29.
226 2333 332 2398 'Noutae]
344 2350 370 2377 =
380 2333 445 2398 ἔμπο
462 2351 493 2392 οι,
504 2344 645 2392 mercatores,
657 2352 679 2383 v.
690 2336 713 2383 6.

160 2401 200 2448 33.
219 2335 294 2462 lNam
304 2403 403 2462 exemplo
411 2351 460 2464 esti
476 2404 603 2461 ‘perquam
615 2402 714 2448 libenter
725 2401 788 2447 enim
797 2401 841 2448 hoc
852 2402 965 2462 sapientis
971 2402 1078 2450 bestiolae
1121 2412 1126 2422 ¹

128 2467 238 2524 exemplo
255 2475 353 2511 utuntur
361 2467 392 2522 ’μ’
403 2490 436 2500 —
448 2465 539 2529 [magni
546 2463 647 2526 furmina
663 2463 759 2528 biara]
776 2467 802 2513 in
819 2468 888 2529 prosis
903 2483 937 2514 ur.
955 2467 1078 2526 ‘formiorq

128 2531 216 2575 animal
226 2530 305 2588 magni
318 2530 419 2576 latoris·

160 2593 264 2640 36-40.
282 2591 365 2656 [Qua]
383 2593 409 2640 id
421 2602 463 2650 est,
481 2597 521 2642 ‘at
538 2592 920 2658 ea.’—[inrrersara—unnan1]
939 2597 975 2643 De
990 2599 1077 2645 brumi

126 2659 239 2719 loquitur,
253 2675 281 2706 ex
294 2661 341 2720 qui
353 2661 417 2705 velut
427 2675 501 2706 novus
513 2661 612 2707 circulus
627 2661 676 2706 sive
691 2676 772 2708 cursus
788 2661 844 2707 suni
862 2678 949 2722 semper
965 2666 1078 2710 uertentis

129 2722 245 2785 (Macrob.
257 2725 305 2770 Sat.
321 2723 343 2780 l,
358 2723 387 2770 lt
398 2722 407 2784 )
420 2726 542 2770 exordium
557 2726 627 2785 capit.
661 2727 705 2772 Pro
719 2726 805 2772 hiemis
819 2736 898 2772 sutem
913 2726 980 2785 signo
993 2727 1076 2787 Aqua-

84 2818 85 2822 =
126 2789 189 2835 rium
206 2789 280 2849 ponit‘,
300 2804 442 2849 quamquam
462 2791 564 2850 proprie,
584 2798 610 2837 ut
630 2788 663 2836 sit
682 2790 820 2851 Porphyrio,
843 2791 962 2837 ‘maxime
980 2793 1029 2838 sole
1048 2792 1076 2839 iu

127 2853 233 2915 Aquario
251 2854 378 2901 constituto
398 2864 548 2915 tempestates
572 2855 697 2902 horrendae
718 2865 742 2901 et
762 2857 849 2913 frigora
870 2856 976 2914 ingentia
996 2857 1076 2904 solent

126 2933 185 2966 esse.
218 2918 257 2964 Sol
280 2928 359 2965 autem
383 2919 467 2966 transit
492 2921 515 2965 in
541 2920 673 2980 Aquarium
699 2932 762 2967 xvrr.
785 2920 838 2966 Kal.
863 2921 1002 2968 Februarias
1029 2922 1075 2981 (lb

126 2980 243 3045 ianuar),
259 2982 284 3028 in
302 2998 330 3029 eo
346 2992 382 3030 est
401 2984 482 3030 diebus
500 2997 560 3032 xxx.
580 3001 655 3045 usque
674 2986 704 3032 ad
724 2997 788 3032 xvrr.
807 2985 860 3032 ital.
881 2981 1074 3048 Mart’—[carr·

125 3045 217 3110 tristat]
241 3056 267 3093 ut
290 3047 353 3107 Virg.
377 3049 421 3096 Ge.
444 3049 467 3104 3,
490 3049 546 3108 279,
568 3053 628 3098 onds
648 3053 787 3113 nigerrimus
807 3053 895 3097 Auster
915 3051 1030 3098 Nascitur
1052 3059 1077 3100 et

125 3219 207 3269 Vigilas
218 3220 241 3258 iss
250 3215 347 3266 (Sulpici)
355 3217 380 3256 de
387 3219 452 3265 noste,
464 3219 490 3257 ssi
501 3219 544 3257 tais
555 3219 707 3258 consultoribus
718 3219 854 3268 reamissa:
865 3219 902 3259 iiie
910 3220 943 3268 (b.
953 3220 1072 3272 Lucullus),

123 3273 147 3308 at
158 3281 187 3317 eo,
199 3281 238 3319 qao
247 3269 342 3314 intendit,
355 3271 435 3306 narare
442 3279 489 3307 aaut
496 3270 587 3309 mnnita
597 3271 710 3318 perueniat
738 3270 768 3309 Te
777 3271 890 3319 aalma,
899 3272 962 3310 utun
974 3273 1075 3313 taxina-

124 3321 252 3358 runcantur
261 3319 378 3358 resuscitat.
435 3355 444 3364 ,

150 3369 162 3395 ⁶
178 3369 270 3418 [Natini]
285 3369 326 3407 cli.
335 3368 406 3406 locum
415 3367 549 3407 simillimum
559 3368 603 3408 Sat.
613 3370 632 3416 t,
642 3368 660 3418 7,
670 3370 702 3410 tt.

150 3419 161 3461 l
175 3419 272 3459 Proverb.
282 3419 310 3458 vl.
320 3421 338 3466 6,
356 3417 411 3458 Vade
426 3419 454 3456 sd
462 3417 580 3466 formicam,
593 3431 604 3457 o
615 3421 680 3469 piger,
693 3423 713 3460 et
725 3419 884 3460 minaria
895 3421 965 3469 duret
978 3423 1076 3462 Mssa·

119 3469 230 3517 pientiam,
245 3480 298 3519 qaae,
314 3481 376 3520 quam
384 3480 425 3508 non
436 3468 509 3507 babeat
521 3470 592 3508 darent
600 3481 637 3508 nee
643 3474 789 3518 maemtoress
797 3482 833 3510 aar
842 3474 965 3521 principare,
976 3476 1075 3523 paratior

123 3520 195 3558 astate
203 3520 271 3558 cibum
278 3521 318 3558 sibi
327 3523 347 3559 et
353 3520 461 3568 congruat
469 3520 493 3557 tn
501 3528 568 3566 mette,
577 3521 631 3569 quod
638 3522 736 3560 amadat-

149 3567 159 3614 1
172 3567 213 3606 cu.
223 3569 328 3608 Theocriti
338 3572 368 3618 lu,
380 3571 412 3619 26,
421 3569 563 3619 τετραμμένον
576 3568 646 3619 aionas
655 3568 700 3619 its,
710 3576 732 3611 tt
741 3570 830 3611 Homeri
837 3574 1001 3624 nominarim,
1015 3589 1076 3624 neps-

122 3618 256 3668 sansonis-s
263 3618 366 3661 ieramus.
