2442 4059
89 288 143 326 ita.
156 289 173 326 1.
184 273 222 341 a]
423 277 704 326 INTERPRETATIO.
977 277 1036 341 195

89 444 178 489 quaeso,
197 429 241 474 hoc
258 427 378 488 inceptum
396 429 503 484 differre3
520 428 580 488 iugit
601 428 751 488 irreparabile
772 426 1033 490 tempus.'-[adbiie]

89 495 165 540 ‘dum
177 494 312 540 adolescens
323 509 356 548 es,
373 492 432 540 liber
446 494 523 540 adhuc
537 493 632 548 avitiis,
647 494 729 541 libenti
740 494 819 540 animo
834 494 956 554 sapientiae
973 509 1034 554 prae·

87 567 158 618 cepta
171 559 291 606 ausculta!
309 559 357 604 Cic.
367 559 396 604 de
409 557 480 606 Finn.
492 558 515 612 3,
526 559 549 615 2,
564 560 688 606 combibere
699 556 898 620 urica-[puer]
916 567 942 604 ut
953 560 997 606 Od.
1008 559 1033 614 4,

90 623 112 679 1,
127 623 165 678 lo,
179 623 265 670 Fabius
277 623 395 670 Maximus
411 629 499 670 costum
515 639 572 683 puer
586 626 678 670 artium.
710 623 749 670 Sic
759 623 823 670 enim
835 621 1034 685 ὑποκοριστικῶς

88 704 104 734 a
121 687 276 734 familiaribus
293 688 470 748 appellabantur
487 689 644 734 adolescentes
656 700 698 734 xx.
713 696 738 734 et
751 689 830 748 plures
846 704 920 736 annos
936 689 1036 736 nati.-

90 749 248 814 [melloribus]
268 753 382 812 ‘quorum
399 753 546 816 prudentiam
562 767 588 800 sc
600 753 698 799 virtutes
708 762 734 798 tu
745 754 806 800 ultro
818 753 938 813 agnoscis!
972 755 1034 813 lipp.

91 817 113 872 l,
126 817 150 873 l,
161 817 201 872 tu,
213 819 301 864 meliori
316 819 407 865 creden
421 833 463 864 nors
478 815 659 879 oisi-[‹rffsr]
677 819 760 878 ‘Roga
775 832 823 876 eos,
839 827 866 865 ut
881 827 904 865 te
920 819 1036 872 doceant3

89 882 139 928 uoli
151 890 294 940 exspectare,
306 884 363 930 dum
374 890 396 928 te
407 882 535 928 moueant)
568 884 642 930 Scbcl.

122 945 228 1002 att-70.
246 943 345 1008 [imbuto
356 943 444 1006 recens]
457 947 531 1001 Philo,
542 947 612 996 Quod
624 948 683 994 liber
693 947 731 1003 sit,
741 946 847 1006 quiaquia
857 947 938 1000 virtuti
949 948 1036 1004 studet,

88 1026 113 1069 p.
130 1010 186 1064 671,
203 1009 287 1073 ὥσπερ
304 1008 354 1072 γάρ
365 1018 431 1072 ,φασι
448 1009 481 1058 τὰ
498 1009 558 1058 κενὰ
575 1013 629 1059 τῶν
645 1009 756 1074 ἀγγείων
773 1008 905 1074 ἀναφέρειν
922 1010 969 1068 rdc
983 1014 1035 1060 reis·

90 1074 201 1136 πρώτων
213 1072 248 1132 εἰς
258 1073 325 1122 αὐτὰ
335 1072 498 1138 ἐγχυθὲντων
507 1074 594 1139 ὀσμὰς,
602 1073 667 1123 oiiru
679 1075 720 1123 rai
731 1074 757 1122 cl
768 1078 819 1123 τῶν
831 1073 895 1124 νέων
905 1072 1035 1138 ψυχαί-

91 1138 205 1202 [stodsl
216 1137 302 1201 cessus]
320 1141 443 1188 ‘Ceterum
455 1150 573 1187 memento
588 1156 626 1187 me
643 1144 723 1188 omnia
736 1141 786 1188 haec
803 1149 918 1202 precepta
935 1141 977 1188 tibi
993 1143 1035 1191 tut

90 1214 184 1252 tantum
199 1206 275 1264 gratii
293 1204 428 1260 tradidisse;
446 1206 569 1252 consilium
586 1220 666 1252 meum
684 1202 772 1260 habsse'
789 1220 851 1252 uuae
869 1214 895 1252 tu
911 1205 955 1262 fac,
972 1207 1036 1265 quod

90 1270 133 1316 tibi
147 1271 237 1329 placet:
254 1271 273 1318 si
285 1270 405 1329 negligens
415 1270 471 1326 eris,
482 1278 522 1316 tua
532 1285 569 1316 res
579 1279 673 1330 ageturt
692 1272 728 1317 sin
741 1272 804 1316 velut
819 1271 901 1329 auriga
916 1271 941 1316 iu
958 1281 1034 1316 certa·

91 1334 156 1380 miue
169 1349 207 1382 me
218 1336 370 1394 praecesseris,
386 1343 478 1394 gratum
491 1336 572 1394 utique
587 1334 646 1381 mihi
657 1334 714 1388 erit:
731 1349 775 1394 ego
792 1344 878 1391 tamen,
892 1335 931 1382 cui
947 1345 1035 1382 certam

90 1400 211 1460 quandam
222 1400 283 1445 viam
295 1400 446 1446 serationem
458 1400 481 1448 iu
492 1401 557 1446 omni
568 1400 678 1446 meiriti
688 1401 792 1458 regenda
800 1410 879 1446 tenere
889 1400 1034 1460 propositum

90 1472 134 1520 est,
152 1477 273 1524 nunquam
285 1465 441 1524 negligentior
451 1463 505 1510 fiam
516 1473 640 1525 propterea
655 1466 720 1524 quod
730 1473 754 1510 te
764 1464 850 1511 aliosve
860 1465 953 1512 diii'erre
965 1473 1035 1524 atque

91 1528 200 1576 omittere
219 1543 279 1576 verse
300 1530 421 1589 sapientiae
442 1530 520 1576 studia
537 1530 735 1590 videamusque
752 1529 806 1576 ideo
825 1530 887 1589 quod
905 1530 944 1575 alii
962 1529 1035 1576 nimio

90 1593 189 1640 sortasse
201 1595 283 1640 ardore
298 1595 323 1640 in
338 1596 367 1643 ei
383 1594 530 1652 incumbunt,
545 1593 619 1654 magis
635 1609 706 1654 quam
724 1594 783 1640 ratio
799 1593 858 1639 milri
873 1595 963 1652 suadet,
974 1594 1036 1641 vires

91 1672 157 1706 meas
168 1659 306 1706 contendam
318 1673 344 1706 sc
355 1666 449 1720 propter
462 1659 507 1706 hoc
515 1659 654 1706 conficiam!
687 1658 806 1717 Singulari
821 1667 899 1705 autem
913 1668 972 1716 erte,
988 1674 1035 1720 quo

90 1723 169 1776 omuis
180 1723 268 1770 offensu
276 1724 399 1781 devitetur,
407 1725 588 1785 procedentibus
598 1724 663 1781 dicit,
673 1739 720 1770 non
728 1724 874 1784 precedenti.

455 1864 614 1912 atterunt
631 1865 679 1912 111.

124 1981 231 2027 Aeduis.
253 1980 344 2026 iulium
371 1981 475 2036 Florum,
495 1979 633 2027 familiarem
658 1997 735 2038 suum,
756 1989 813 2028 tunc
840 1981 950 2043 temporis
974 1981 1037 2028 inter

90 2046 189 2094 comites
209 2045 296 2092 Tiberii
314 2045 421 2100 Neronis,
438 2057 461 2092 s.
475 2057 499 2092 υ.
511 2057 534 2092 o.
549 2045 606 2102 7³4,
624 2046 650 2092 in
661 2048 783 2094 Orientem
798 2050 827 2094 ab
839 2047 946 2107 Augusto
963 2047 1036 2104 missi,

90 2118 248 2171 percontatur,
266 2110 323 2169 quid
335 2110 449 2164 Tiberius,
466 2111 523 2169 quid
539 2125 674 2158 communes
690 2112 766 2168 amici,
785 2112 841 2171 quid
856 2112 905 2171 ipse
916 2120 971 2170 agat
982 2115 1036 2169 (vv.

94 2174 193 2235 1-25),
204 2175 234 2220 ad
245 2174 365 2236 sapientia
376 2175 480 2222 studium
491 2176 576 2222 excitat
587 2173 639 2235 (vv.
652 2174 768 2235 26-36),
779 2185 923 2234 postremum
939 2185 965 2220 ut
981 2190 1035 2221 eum

92 2239 210 2294 Munatio,
218 2240 335 2286 communi
342 2239 423 2294 amico,
432 2238 455 2285 in
464 2241 563 2300 gratiam
571 2243 658 2297 redeat,
664 2241 739 2287 amice
748 2241 853 2286 hortetur
861 2235 912 2300 (vv.
919 2238 1036 2300 tto-35).

91 2305 154 2352 Zell.
180 2303 260 2352 “Fuit
277 2305 405 2352 Satirarum
420 2304 524 2364 scriptor,
538 2306 604 2365 cujus
620 2315 676 2352 sunt
691 2307 770 2352 electa
786 2319 817 2350 ex
834 2305 919 2359 Ennio,
937 2303 1036 2363 Luciliu,
1120 2341 1125 2348 .

93 2369 223 2416 Varrone.”
241 2369 324 2428 Porpb.
348 2369 419 2416 Haud
430 2369 614 2430 improbabiliter
624 2371 654 2416 de
666 2370 734 2416 Floro
744 2369 871 2428 disputavit
883 2368 1036 2424 Weichertus,

93 2435 159 2481 Poet.
171 2434 223 2480 Lat
235 2447 257 2493 p.
270 2433 318 2480 366
328 2449 386 2494 seq,
400 2435 462 2480 unde
480 2449 544 2494 seqq.
560 2435 720 2494 excerpimus:
738 2436 753 2458 “
762 2434 800 2479 lta
816 2433 950 2480 Scholiastae
965 2436 1036 2481 verbs

91 2499 248 2558 intelligenda
258 2513 308 2544 esse
319 2508 383 2559 puto,
395 2508 421 2544 ut
433 2497 529 2546 Florum
540 2512 569 2544 ex
579 2499 666 2556 Ennio,
679 2497 777 2555 Lucilio,
787 2499 899 2555 Varrone,
909 2513 969 2558 quos
979 2514 1035 2545 con·

91 2571 140 2612 stat
150 2562 268 2624 scripsisse
280 2563 374 2618 Satires,
387 2564 548 2623 prestantium
558 2564 661 2610 cannina
672 2563 769 2622 elegisse
780 2577 855 2624 eaque
866 2563 963 2611 sortasse
973 2565 1036 2610 anti·

92 2627 191 2687 quitatis
201 2627 278 2686 rigore
289 2629 442 2687 sordibusque
453 2629 569 2683 abstersis,
586 2636 609 2674 et
623 2628 783 2675 emendatiora
793 2637 818 2674 et
832 2627 975 2687 elegantiora
985 2629 1036 2675 edi·

93 2693 156 2740 disse
167 2701 296 2740 statuamus
304 2693 327 2740 :”
344 2692 392 2752 (vel
403 2692 478 2740 dicam
490 2693 566 2753 potius
578 2692 603 2738 in
614 2707 643 2740 eo
653 2693 790 2748 elaborasse,
809 2693 937 2738 utiliorum
949 2693 1036 2740 Satires

92 2758 195 2804 sermoni
213 2758 338 2817 ceptuiqm
354 2757 480 2816 equalium
495 2772 592 2804 suorum
608 2759 682 2817 magis
697 2754 837 2817 adaptaret.)
861 2759 876 2784 ‘⁴
886 2757 948 2804 Hinc
965 2757 1036 2818 igitur

92 2823 191 2870 sortasse
202 2821 288 2868 iactum
299 2831 334 2868 est
346 2832 372 2870 ut
384 2823 466 2870 Florus
476 2820 526 2880 ipse
538 2821 666 2868 Satirarum
677 2822 776 2882 scriptor
785 2822 963 2882 appellaretur.”
997 2825 1036 2870 lix

92 2887 123 2934 iis
132 2887 214 2947 utique
223 2887 314 2954 Horatii
323 2887 475 2938 familiaribus
483 2885 534 2940 fuit,
545 2901 602 2945 quos
613 2889 643 2932 ob
653 2887 773 2946 ingenium
781 2897 852 2946 etque
860 2888 937 2933 studia
945 2888 1036 2947 poetica

93 2953 159 2998 baud
169 2952 235 3012 parvi
247 2952 379 3000 aestimaret.
403 2949 450 3000 cfr.
462 2951 522 3012 Epp.
533 2953 556 3008 2,
565 2953 588 3006 2,
597 2965 669 3012 prope
679 2951 793 2998 decennio
801 2961 856 3012 post
865 2952 927 2999 hsuo
936 2953 966 2998 ad
976 2967 1037 2998 eun·

92 3018 148 3067 den
160 3016 261 3064 missam.

126 3081 198 3130 2-4
217 3075 357 3143 [Claudius]
384 3081 504 3139 Augustus
527 3079 656 3136 Tiberium,
677 3092 702 3126 s.
718 3093 742 3127 u.
758 3093 781 3128 o.
798 3080 853 3137 7³4,
870 3081 896 3126 iu
913 3081 1035 3128 Orientem

93 3145 198 3201 miserat,
211 3155 237 3192 ut
245 3146 370 3204 Tigranem
381 3145 405 3190 in
413 3145 530 3192 Armenia
538 3159 638 3204 reguum
646 3145 668 3191 ei
679 3146 759 3192 datum
769 3148 900 3193 deduceret.
916 3146 975 3192 Vell
985 3145 1035 3190 Pet.

94 3211 118 3268 2,
127 3207 327 3272 sa-[Auguru
334 3207 465 3272 priuignus]
481 3211 519 3257 Sic
530 3210 705 3258 honoriacensi
714 3225 769 3257 eum
780 3212 890 3272 appellas,
897 3210 983 3270 quippe
993 3208 1035 3268 qui

94 3275 157 3326 ltsac
168 3274 299 3334 Epistulam
314 3276 415 3322 lecturus
426 3284 493 3323 esset.
522 3275 649 3324 Florebant
659 3278 730 3322 etiam
746 3285 802 3323 tuuc
812 3278 838 3323 C.
849 3284 873 3321 et
885 3276 911 3320 L
924 3276 1035 3328 Csrssres,

95 3341 208 3400 Agrippas
220 3354 249 3385 er
259 3341 273 3386 J
276 3339 324 3386 ulia
336 3340 384 3396 lilii,
395 3340 494 3398 Augusti
504 3350 607 3400 nepotes,
617 3341 697 3387 abhoc
705 3342 750 3388 ado
767 3342 823 3397 tasi;
835 3339 954 3386 Tiberium
961 3338 1038 3398 adop·

95 3406 155 3454 tavit
163 3406 284 3452 demuma„
294 3401 508 3466 ibi-[Tirsos]
520 3405 595 3452 forma
601 3406 726 3466 pectinati
759 3399 947 3466 req-[uisceris]
960 3402 1035 3449 “nive

94 3469 213 3518 strictus.”
238 3470 311 3518 Sebol.
335 3469 418 3528 Cogita
434 3470 463 3516 de
474 3469 545 3517 llueio
559 3421 757 3531 deu-[turrdii
775 3474 790 3497 ‘⁸
800 3471 878 3516 Herus
891 3476 915 3514 et
927 3467 1037 3516 leandri

96 3535 163 3584 luter
170 3535 253 3581 Seston
265 3542 288 3579 et
296 3535 396 3594 Abydon
408 3533 511 3584 medium
523 3542 559 3582 est
567 3535 711 3594 Hellesponti
723 3533 830 3581 iterum.”
848 3533 959 3593 Porphyr.
976 3534 1036 3583 Ques

95 3598 223 3662 explicatio
237 3599 387 3645 confirmatur
397 3599 469 3645 etiam
481 3599 608 3654 Strabonis,
622 3599 659 3655 13,
671 3599 709 3653 22,
721 3600 770 3644 loco
781 3599 810 3644 de
822 3595 943 3655 utriusque
955 3599 1036 3657 oppidi

94 3663 152 3724 situ,
164 3666 194 3714 de
206 3660 315 3726 πύργοις
325 3672 348 3712 et
359 3678 427 3712 cursu
438 3677 565 3774 aquarumK:
580 3661 639 3774 {cepi
649 3662 694 3712 τοῦ
704 3657 750 3725 ῥοῦ
762 3660 788 3710 is
797 3662 845 3720 τῆς
855 3657 1037 3724 Προποντίδος.
