2442 4059
118 257 213 296 rrnrr.
225 247 263 306 4.]
458 247 740 296 mtuurnnrtrro
1007 249 1068 315 163

116 400 244 446 convenire
255 399 349 447 ridetur
359 398 450 445 homini
461 407 509 446 tam
521 399 662 460 pusilln'-
670 396 758 463 [orrum
768 396 815 461 srt]
827 401 932 447 ‘rectum
943 410 968 448 et
974 404 1067 464 justum

116 473 153 510 est
168 463 245 511 secere
264 472 288 511 te
306 477 399 524 quoque
416 471 465 510 tam
483 465 622 510 dissimilem
635 474 660 510 et
676 472 743 511 tento
759 465 876 512 minorem
895 481 913 512 s.
931 466 1067 514 inferiorem

116 533 206 576 miore
216 530 234 575 ἰ.
240 543 261 576 e.
273 529 299 575 in
310 530 421 576 certando
432 543 486 576 cum
498 530 628 576 Mecenste
635 530 694 575 τ’·-
701 527 837 591 [denarrat]
854 531 951 578 ‘ordine
961 541 986 578 et
996 532 1066 592 plene

116 594 213 640 narrut.²

151 658 208 717 245,
217 658 273 706 246.
291 656 356 720 [oum
370 664 465 714 tautum,
482 661 573 719 ruffinus
586 672 619 713 te,
633 674 718 718 mugra
724 654 822 720 firissct]
842 675 863 706 r.
874 662 966 719 suffore
982 661 1028 707 hse
1040 661 1066 707 ln

116 735 143 769 re
155 724 335 770 usitatissimum
347 730 404 769 erat.
427 723 506 770 Plaut.
519 723 591 770 Stich.
604 725 628 780 5,
638 723 662 778 i,
674 723 714 779 te,
726 724 797 782 Snffls
807 725 912 771 celeriter
923 727 966 772 tili
977 728 1065 773 macco

116 809 151 821 -
158 787 201 834 Vs.
212 787 291 848 Major
301 787 396 834 dissidio
406 788 426 833 si
437 789 623 849 cumplerlsque
636 803 679 848 pro
694 789 753 848 pulli
767 803 879 849 responso
890 790 985 845 habeas,
1004 791 1066 837 nillil

116 853 184 899 aliud
201 853 305 914 profecto
316 852 433 912 significat
443 867 522 914 quam,
540 853 655 899 ‘dimidio
669 861 711 899 tuo
721 868 826 914 corpore,
842 863 926 912 mater,
937 855 1025 902 vitulus
1041 862 1065 903 te

116 919 192 977 major
210 917 283 964 erst:’
301 919 364 977 quod
381 932 438 964 sane
455 931 590 978 perversum
608 925 645 963 est
661 931 739 977 neque
756 919 806 964 ulli
823 919 861 964 rel
880 918 1012 979 hyperbold
1028 921 1065 966 vel

115 977 231 1046 εἰρωνείᾳ
253 982 348 1028 defendi
370 990 453 1044 potest.
487 983 603 1032 Quocirca
623 983 693 1028 aliter
710 983 809 1028 distinxi
827 998 880 1029 cum
900 984 1024 1031 Weddelio
1040 994 1066 1031 et

117 1046 258 1103 lilrchnero,
270 1048 337 1094 Obss.
349 1061 374 1107 p.
385 1047 426 1095 56.
460 1046 554 1109 'Major
566 1048 662 1094 dimidio
674 1049 725 1108 J'em
741 1062 767 1094 se
783 1049 899 1095 sufflando
914 1049 976 1096 facte
989 1058 1065 1096 meter

115 1125 198 1157 rursus
210 1113 302 1172 pullum
313 1112 456 1171 interrogat:
475 1113 538 1159 Nem
549 1119 636 1159 tantast
644 1111 663 1159 ν’

150 1177 285 1224 stu—254.
306 1175 421 1238 [adludit]
441 1177 572 1232 ‘abhorret
589 1174 862 1236 discrepst'—[Adde]
881 1175 975 1230 ‘Aliam
990 1178 1065 1225 nimio

115 1241 251 1288 aedificandi
269 1242 359 1287 etudio’
373 1239 448 1301 (quod
462 1242 571 1288 videlicet
587 1250 658 1302 poeta
674 1242 698 1286 ln
716 1249 791 1287 semet
807 1242 859 1302 ipso
877 1256 919 1303 per
936 1238 1064 1302 εἰρωνείαν
1099 1258 1103 1265 ·

115 1306 243 1353 dumtaxat
264 1304 443 1367 reprehenditr)
466 1305 591 1367 ‘adjungis
609 1306 733 1361 insaniam,
756 1315 866 1366 poemata
886 1308 1062 1367 componendo;

115 1370 197 1431 sicque
214 1372 303 1417 malum
320 1385 401 1430 suges,
418 1371 485 1431 qussi
505 1371 584 1431 ignem
601 1371 654 1416 oleo
672 1370 821 1430 emtiuguere
833 1369 1062 1434 velles.'·—[rsarar]

116 1435 166 1482 cic.
184 1436 214 1482 de
228 1436 306 1482 Divin.
322 1435 343 1491 l,
357 1435 396 1491 37,
414 1437 494 1497 Negat
507 1439 556 1484 rinc
568 1432 652 1495 farore
662 1435 805 1483 Democritea
824 1452 955 1497 qscorqsoor
974 1444 1064 1496 poetam

115 1515 223 1561 mogum
241 1517 288 1548 esre
303 1516 384 1561 poster
402 1501 462 1561 quod
477 1502 536 1547 idem
554 1501 610 1547 dicit
622 1501 696 1546 Picto.
724 1500 754 1546 A.
767 1501 793 1546 Ρ.
807 1501 862 1555 296,
879 1503 979 1548 excludit
996 1517 1064 1548 rosor

115 1565 228 1613 Helieone
236 1572 316 1626 poetar
326 1566 517 1614 nemum-
526 1561 638 1628 [rabiem]
656 1565 787 1624 presertim
803 1565 828 1611 in
846 1581 926 1612 servos
939 1566 1062 1627 negligen-

114 1629 195 1677 tiores.
230 1631 292 1690 Epp.
311 1630 332 1685 l,
350 1631 389 1687 20,
408 1631 447 1685 25,
466 1630 541 1678 Irasci
556 1631 658 1684 celerem,
676 1637 751 1676 mares
767 1636 793 1675 st
807 1632 930 1691 placabilis
946 1647 1064 1678 mesn-

115 1690 220 1756 [Teneor
227 1698 274 1741 iaie
285 1692 319 1756 te]
329 1696 444 1742 ‘Contine
455 1702 478 1741 te
490 1696 526 1751 lis,
534 1711 587 1755 quse
597 1696 628 1740 sd
639 1702 662 1740 te
673 1695 806 1754 pertinentt
820 1711 876 1742 oure
887 1704 959 1743 temet
970 1696 1062 1756 ipsume

114 1759 173 1806 alios
191 1760 275 1810 missos
291 1756 617 1822 ise.'—[srnjor-imne]
637 1759 726 1819 ‘magis
738 1759 821 1807 insane
839 1775 909 1822 parce
925 1761 1006 1808 mlnus
1024 1761 1062 1808 in·

112 1825 187 1872 seno}

496 1953 620 2003 urmes
637 1954 680 2003 IV.

148 2082 253 2131 Annum
271 2083 307 2130 De
319 2083 394 2140 Catio,
405 2097 476 2144 quem
486 2084 530 2132 sibi
545 2084 658 2131 llorstius
668 2081 739 2144 lingit
753 2083 811 2131 artis
824 2084 946 2131 culinarire
960 2093 984 2131 et
993 2099 1062 2131 men·

111 2162 145 2194 se
163 2150 283 2194 struenda
302 2158 419 2208 precepto
435 2151 529 2196 summi
547 2163 602 2196 cum
618 2149 734 2209 gravitate
748 2157 773 2195 et
791 2157 903 2208 mnanm
920 2163 950 2195 ex
969 2149 1061 2208 tripode

111 2215 255 2269 tredentem,
266 2214 358 2260 Comm.
370 2216 442 2273 Crnq.
453 2214 504 2261 hec
515 2215 582 2261 nobis
598 2214 685 2260 refert:
703 2214 777 2259 “Sub
787 2215 888 2272 personi
899 2213 960 2259 catii
971 2214 1061 2261 risurus

111 2287 148 2324 est
159 2287 229 2338 poete
242 2278 379 2337 Epicureos,
389 2286 416 2324 ut
426 2279 451 2324 in
463 2280 571 2338 proxime
581 2279 702 2338 superiore
713 2277 766 2323 risit
778 2278 874 2324 Stoicos.
909 2278 965 2324 ruit
980 2286 1061 2324 sutem

112 2342 147 2389 Μ.
160 2343 243 2389 Catius
255 2343 393 2402 Epicureus,
405 2344 446 2402 qui
457 2352 559 2403 quatuor
572 2344 644 2389 libros
660 2342 753 2403 scripsit
767 2342 797 2387 de
807 2357 887 2387 rerum
898 2344 985 2389 naturi
995 2350 1020 2388 et
1031 2343 1061 2389 de

111 2421 205 2454 summo
221 2409 291 2463 bono,
305 2409 367 2467 quod
385 2421 458 2467 quum
471 2408 582 2470 Epicurei
597 2408 623 2453 in
637 2409 758 2467 voluptate
774 2413 897 2466 ponerent,
913 2408 958 2453 hoc
975 2415 1017 2462 est,
1034 2408 1060 2454 in

110 2473 174 2531 gelre
191 2480 217 2518 et
232 2473 335 2532 corporis
351 2472 558 2532 libidine-rogat
569 2473 663 2518 catium
677 2472 796 2527 Horatius,
808 2479 836 2517 ut
847 2471 892 2517 sibi
909 2472 972 2517 dicat
987 2486 1061 2519 corne

109 2538 223 2596 peranda·
239 2546 264 2582 et
283 2538 420 2583 ordinanda
437 2538 576 2597 magistrum
595 2540 693 2597 ejusque
711 2536 852 2598 precepta!
885 2537 946 2582 Sane
964 2535 1061 2584 Cetium

110 2601 246 2656 insubrem,
262 2602 413 2661 Epicureum,
429 2611 455 2646 ut
471 2602 608 2664 scriptorem
626 2615 703 2662 nuper
719 2602 846 2648 admodum
859 2609 980 2647 mortuum
996 2617 1061 2648 com·

109 2675 227 2712 memorat
238 2667 328 2722 cicero,
341 2667 401 2727 lipp.
413 2667 444 2712 ad
453 2667 519 2713 Fam.
532 2667 569 2722 15,
582 2667 614 2714 16
624 2663 663 2726 (r.
671 2679 696 2713 u.
706 2679 730 2712 c.
741 2663 808 2728 709).
820 2666 860 2712 eir.
874 2666 974 2716 Quintil.
987 2665 1025 2723 lo,
1038 2666 1062 2722 l,

111 2729 172 2776 124:
198 2731 228 2776 Is
244 2731 366 2791 Epicureis
383 2731 438 2778 levis
454 2733 551 2792 quidem,
569 2734 610 2778 sed
627 2747 672 2778 sos
687 2730 824 2794 injucundus
837 2738 912 2777 torres
930 2737 1010 2778 sector
1027 2738 1062 2778 ert

111 2795 200 2842 Catius.
236 2797 282 2842 Sed
301 2810 371 2842 nemo
387 2797 542 2856 interpretum
561 2804 647 2856 preter
659 2796 793 2842 Dacierlum
806 2796 981 2851 animadvertit,
997 2797 1061 2856 quod

107 2861 182 2907 trudit
195 2861 286 2907 Comm.
300 2861 372 2920 Gruq.
384 2861 415 2907 sd
426 2875 447 2906 v.
461 2860 505 2907 tu:
525 2863 540 2887 ‘⁸
548 2860 634 2906 lrridet
645 2875 708 2915 eum,
719 2860 783 2919 quod
792 2862 827 2906 de
842 2874 912 2920 opere
927 2861 1024 2920 pistorio
1035 2861 1061 2907 in
1105 2865 1116 2878 ⁸

107 2939 152 2971 ruo
163 2925 225 2971 libro
235 2925 317 2971 scribit
333 2925 362 2971 de
378 2939 403 2970 se
418 2926 469 2984 ipso
478 2941 483 2970 ι
502 2925 561 2972 Hac
569 2927 658 2984 pristes
668 2927 754 2972 inussit
764 2931 787 2972 ct
797 2927 898 2986 cognorit
911 2926 991 2972 (latiur
1002 2926 1061 2971 Mil-

108 2991 185 3036 tiader
193 2989 218 3035 .·''
230 2990 254 3035 id
266 2991 330 3050 quod
341 3005 436 3050 prorsus
447 2990 557 3036 convenit
572 3005 626 3035 cum
636 3005 658 3036 r.
670 2990 709 3045 74,
719 2989 759 3035 ubi
771 3003 824 3035 cum
836 3005 922 3050 magno
933 2991 968 3037 sui
980 3003 1061 3036 amore

106 3056 195 3114 repetit
206 3055 298 3101 Primus
308 3062 331 3102 et
342 3057 450 3102 insanior.
480 3055 562 3101 Fuerit
571 3054 645 3114 igitur
656 3055 738 3101 Catius
750 3055 877 3109 Miltiades,
888 3056 987 3101 libertus
999 3054 1061 3100 Catii

106 3131 122 3164 s
133 3119 249 3166 cicerone
264 3120 396 3174 momenti,
410 3120 509 3181 scriptor
520 3121 549 3166 de
565 3127 616 3166 srte
627 3117 774 3180 coquinarii,
789 3134 888 3180 perrona
904 3119 1005 3166 ridicule
1018 3133 1061 3178 per

108 3191 183 3230 totam
194 3186 277 3230 urbem
290 3193 353 3230 note.

141 3248 212 3295 1-3.
232 3245 315 3310 [Unde
331 3256 354 3296 ct
370 3245 426 3312 quo]
445 3248 493 3296 (llr.
511 3249 559 3294 Sat.
578 3249 599 3303 l,
617 3250 641 3305 9,
657 3248 697 3296 62.
708 3273 741 3282 -
751 3245 851 3310 [Ponere
866 3245 947 3309 signa]
958 3247 1010 3292 hreo
1021 3261 1059 3293 rr.

105 3313 232 3360 referenda
251 3321 308 3360 sunt
325 3315 356 3361 ad
374 3322 448 3360 srtem
468 3315 650 3369 mnemonieam,
665 3315 715 3373 qui
730 3316 858 3360 ntebsntur
873 3322 898 3358 et
914 3320 1018 3358 oratores
1034 3319 1059 3358 et

105 3377 241 3439 philosophi
259 3380 359 3438 antiqui.
394 3379 501 3425 Festinat
517 3379 590 3438 igitur
601 3379 684 3426 Cetius
698 3394 788 3439 ponere,
804 3378 899 3432 referre,
917 3378 992 3436 rigua,
1009 3390 1060 3424 voc.

105 3445 202 3504 proprio
219 3446 330 3502 imaginor
344 3444 515 3490 sententluum
530 3457 627 3490 suarum
642 3444 667 3490 ln
684 3445 805 3490 loclesse
815 3441 897 3501 captis·
914 3439 962 3486 Cfr.
975 3441 1060 3501 Script.

104 3509 134 3554 ad
145 3509 252 3554 Herenn.
265 3509 288 3564 3,
304 3508 405 3555 16-24.
423 3509 472 3554 Cic·
485 3509 514 3554 de
526 3509 566 3554 Or.
578 3510 601 3562 2,
612 3508 652 3563 66,
663 3508 703 3553 ubi
716 3509 729 3567 i
741 3508 790 3555 659
805 3508 856 3566 ipse
872 3519 966 3564 qnoque
983 3506 1059 3552 utitur

103 3575 177 3619 verbo
185 3587 285 3632 ponere:
303 3573 389 3620 Rerum
400 3576 506 3620 memorio
513 3576 608 3633 proprio
618 3579 654 3619 est
664 3574 776 3619 oratoris.-
790 3585 840 3617 tora
849 3572 946 3629 siugsiis
953 3574 1057 3630 permis

105 3637 159 3686 ders
180 3639 286 3699 positis
309 3645 388 3686 solare
408 3653 535 3698 postumus,
556 3645 582 3684 ut
603 3638 728 3684 ustestias
751 3635 935 3697 imaginibus,
957 3636 1059 3683 odmen
