2442 4059
106 261 159 298 uo.
173 262 191 297 ι.
204 250 252 309 lu]
444 248 723 297 INTERPRETATIO.
984 250 1048 315 233

106 402 208 448 aderant
222 400 361 449 conditionis
378 397 571 447 exhilararentur.
584 398 730 463 -[arstrsm]
756 399 804 447 cic
822 401 906 447 Parad.
926 402 950 453 5,
972 402 1047 450 Here·

107 467 191 513 ds'totr's
200 482 347 527 spes—quem
359 472 454 512 nulum
465 467 580 527 locupletis
590 468 640 513 orbi
651 468 710 512 renis
721 481 764 512 aon
774 468 934 513 obserootl-
943 463 1046 527 [bonel]

106 532 193 577 ‘tanti
211 546 264 577 cum
279 531 427 577 observantiis
438 544 531 577 omnem
547 532 639 591 patroni
654 540 738 577 autum
748 532 891 591 exsequitur,
907 532 974 591 quasi
991 547 1045 579 eum

106 603 135 641 ut
146 604 275 655 tyrannum
286 594 436 643 reformidet:

142 658 181 717 ll,
200 660 236 707 12.
265 657 346 721 [scca]
373 663 405 706 ‘a
424 661 516 721 plogcso
537 659 616 719 aliquo
639 658 783 706 Orbils'o.’-
798 657 919 722 [reddere]
947 660 994 708 Cir.
1016 661 1048 708 ad

107 724 172 785 Epp.
185 724 205 781 l,
219 724 240 781 l,
253 727 284 771 55
301 723 344 786 (48
356 725 439 772 harum
451 721 557 786 Eclogg.)
566 722 695 786 -[portcs
707 727 798 771 animum
812 732 912 773 tractore
922 723 1045 787 secum]

107 786 145 835 De
162 790 239 835 mimis
258 791 349 851 proprie
366 788 433 837 dictis
450 789 610 849 accipiendum
627 798 684 849 puto
699 789 776 850 potius
793 792 906 850 quamde
922 791 1047 846 comoedis;

106 867 164 899 nam
177 852 262 915 (actor)
279 856 429 902 secandorum
436 851 595 914 portiumfare
604 856 704 901 omnibus
714 856 788 902 mimis
795 858 915 915 parasitus
924 858 1047 913 inducitur,

105 927 134 965 ut
144 919 178 965 ait
191 920 273 965 Festus
284 920 308 965 in
320 921 389 967 Saluo
399 935 434 966 res
446 926 487 975 cst,
504 934 526 979 p.
538 919 592 965 254.

142 982 244 1031 13-16.
262 982 355 1047 [Alter]
378 984 474 1043 ‘AEque
490 994 560 1045 atque
579 984 687 1031 adulator
704 991 785 1044 peccat
804 983 852 1039 ille,
873 984 914 1044 qui
932 985 1048 1033 derebus

106 1048 196 1094 nullius
215 1049 327 1096 momenti
348 1050 459 1095 acerrime
481 1049 585 1109 disputat
606 1057 631 1095 et
651 1048 791 1095 altercatur!
823 1050 859 1096 Dc
881 1052 935 1096 lond
952 1053 1048 1110 capriad

105 1114 183 1159 rixari
198 1122 222 1159 et
239 1111 295 1176 περὶ
314 1109 375 1161 ὄνου
393 1112 463 1170 σκιᾶς
487 1110 594 1174 (Lucian.
611 1114 719 1160 Hermot.
736 1110 789 1173 71),
806 1121 861 1160 sunt
878 1116 1001 1173 proverbia
1018 1116 1048 1161 de

105 1179 178 1223 rebus
193 1178 315 1225 levissimis
330 1186 371 1225 aut
387 1194 439 1238 ques
453 1179 550 1225 omnino
567 1194 614 1225 non
629 1189 691 1226 sunt.
700 1176 898 1240 ·-[Propugnot]
917 1180 940 1225 h.
953 1181 967 1225 l.
978 1182 1047 1226 abso-

106 1242 172 1289 lute:
193 1242 314 1290 ‘sutilibus
329 1243 473 1302 argumentis
490 1243 611 1303 verbisque
626 1243 735 1290 inanibus
747 1251 815 1289 utens
829 1254 919 1303 pugnat
935 1259 977 1303 pro
988 1244 1047 1290 ridi-

32 1314 37 1325 ·
106 1308 162 1353 culfi
171 1308 216 1353 sud
227 1308 344 1367 opinione,
358 1308 589 1367 indignationemque
600 1323 667 1354 auam
677 1307 710 1353 sic
722 1308 836 1355 effundit:
855 1309 960 1367 Scilicet}
973 1309 1047 1355 dre.-

107 1369 147 1433 [ut
164 1368 220 1432 noa]
238 1374 371 1431 ‘quomodo
388 1369 624 1434 non.·-[2larrars]
645 1374 749 1418 ‘summi
765 1373 881 1432 pulmonis
898 1372 1047 1420 contentione

105 1436 219 1497 prolerre,
236 1438 297 1496 quod
308 1437 333 1483 in
344 1440 439 1485 buccam
456 1437 535 1483 venit!
543 1462 576 1471 —
584 1434 685 1498 [sordet]
703 1446 729 1483 ut
741 1438 803 1497 Epp.
815 1437 836 1492 l,
850 1437 887 1493 ll,
898 1439 922 1492 4,
940 1441 946 1464 ¹
958 1438 1047 1499 Rejicio

107 1501 144 1547 vel
156 1500 320 1558 conditionem,
337 1517 408 1562 quam
424 1501 483 1548 alius
497 1501 649 1548 libentissime
667 1502 789 1561 acciperet,
806 1511 833 1548 ut
847 1504 884 1548 rel
899 1510 951 1562 post
966 1518 1046 1549 senec·

106 1572 182 1612 tutem
194 1581 355 1626 repuerascere
370 1567 407 1612 vel
418 1574 470 1627 post
480 1576 578 1614 mortem
591 1566 736 1620 reviviscere,
751 1566 882 1626 iterumque
897 1583 938 1627 per
953 1570 1047 1627 longam

106 1645 223 1677 annorum
241 1631 325 1677 seriem
342 1632 368 1679 in
385 1632 452 1678 terris
468 1632 552 1691 degere
569 1630 628 1677 mibi
646 1631 738 1677 liceatr’
760 1633 805 1677 ‘ut
825 1632 905 1678 Virbio
921 1632 1017 1692 contigit
1027 1632 1045 1688 ς’

105 1696 174 1742 addit
185 1696 338 1757 Porphyrion.
372 1698 378 1721 ⁸
390 1697 471 1743 Altera
481 1697 528 1743 vita
540 1711 586 1743 non
597 1708 633 1743 est
644 1695 709 1752 tanti,
721 1702 748 1742 ut
758 1696 862 1743 taceam'
882 1698 956 1745 Scbol.

142 1759 180 1816 17,
201 1760 237 1807 18.
256 1757 413 1823 [Ambigltur]
432 1762 506 1813 ‘Qua
524 1763 554 1809 de
571 1776 597 1808 re
613 1762 708 1807 tandem
724 1762 879 1808 controversia
897 1763 951 1809 esti
985 1762 1046 1809 Sana

106 1825 137 1871 de
149 1825 264 1871 levicula)
297 1826 378 1876 Castor
393 1835 417 1873 et
427 1827 542 1882 Dolichos,
554 1826 694 1885 gladiatores
709 1825 750 1872 illo
765 1835 868 1887 tempore
885 1826 975 1887 magnis
993 1828 1045 1873 lau·

106 1890 177 1937 dibus
199 1892 228 1936 ab
249 1892 356 1938 omnibus
373 1891 531 1938 celebrati·
547 1887 721 1952 [Brundisium]
748 1892 852 1938 ‘Utrum
873 1892 911 1938 via
934 1892 1046 1951 Minucia,

106 1968 180 2015 qnam
193 1954 229 1999 Ti.
237 1955 355 2002 Minucius
364 1956 499 2014 Augurinus
511 1970 555 2003 cos.
568 1967 651 2002 nmo.
663 1955 718 2009 449,
734 1970 775 2015 per
786 1964 885 2002 tractum
896 1964 1045 2003 montuosum

105 2018 158 2079 agri
170 2018 251 2067 Sabini
262 2029 285 2067 et
296 2020 384 2067 Samnii
396 2021 519 2077 munierat,
535 2034 564 2067 an
579 2028 636 2066 nota
649 2019 689 2066 illa
701 2021 777 2080 Appia
785 2019 930 2067 commodius
942 2021 1044 2067 Brundi-

105 2084 264 2131 siumducat’

141 2147 244 2197 19—23.
263 2147 359 2211 [Quom]
379 2150 444 2200 ‘Qui
459 2150 504 2206 his,
523 2165 576 2210 quas
587 2158 715 2203 enumerat,
733 2149 794 2194 vitiis
813 2149 949 2209 deturpatus
966 2148 1044 2196 divitis

44 2222 50 2243 ¹
106 2212 186 2269 amici,
202 2212 298 2260 sortasse
308 2214 379 2261 etiam
390 2215 521 2270 vitiosioris,
531 2214 631 2275 gratiam
641 2222 725 2274 captat,
740 2222 782 2260 aut
792 2214 855 2259 hunc
865 2214 929 2260 brevi
940 2221 1044 2273 tempore

106 2280 137 2324 ab
156 2293 181 2324 se
200 2279 347 2335 abalienabit,
364 2287 404 2325 aut
423 2280 508 2326 amissi
526 2280 632 2326 libertate
650 2281 679 2325 sb
693 2291 722 2324 eo
739 2292 829 2337 semper
846 2278 1045 2336 castigabitur.’-

107 2339 228 2403 [dumoso
241 2340 328 2405 Versus]
346 2353 373 2390 ut
384 2345 443 2404 Epp.
454 2344 478 2399 2,
491 2344 512 2400 l,
526 2343 580 2398 loo,
595 2345 703 2390 damnoso
713 2343 791 2397 libido,
807 2342 863 2401 quia
878 2342 959 2388 amicte
978 2357 1044 2389 ama·

105 2416 182 2454 torem
199 2404 495 2470 emungunt-[pracepit
510 2406 574 2471 alec]
591 2408 635 2454 ‘iu
651 2409 698 2467 qud
716 2406 845 2467 periculum
862 2406 930 2462 inest,
950 2421 980 2453 ne
995 2423 1044 2456 uno

105 2473 207 2519 talorum
224 2474 291 2532 jactu
311 2473 430 2531 ingentem
452 2473 557 2533 pecunius
578 2486 694 2518 summam
711 2472 845 2531 perdamus,
864 2480 888 2518 et
909 2472 1001 2532 spoliatl
1018 2488 1043 2521 re

105 2536 215 2583 familiari
234 2538 363 2597 decoquere
380 2534 674 2599 debeamua'-[Glors'o]
691 2530 825 2589 κενοδοξία.
852 2539 859 2561 ⁸
873 2537 1043 2596 Hemonam,

105 2601 212 2661 gloriolas
220 2601 298 2649 studio
309 2604 425 2662 abreptus,
442 2601 650 2663 sumptuosioribus
666 2602 767 2648 restibus
779 2602 950 2662 unguentisque
961 2602 1044 2663 utitur,

105 2681 178 2727 quam
189 2668 238 2727 eJus
248 2666 368 2714 facultates
379 2667 563 2715 concedunt’-
572 2664 722 2728 [importuno]
735 2668 804 2725 ‘quas
815 2667 920 2726 pecunias
931 2668 1044 2728 cupidum

105 2731 270 2791 conquiescere
283 2746 402 2792 nunquam
413 2732 484 2779 sinit!
494 2756 526 2766 -
536 2728 623 2793 [decem
638 2734 701 2779 oits‘is
712 2727 855 2791 instructior]
875 2733 963 2778 ‘multo
974 2734 1042 2780 vitio-

105 2797 168 2842 sior!
202 2796 339 2843 Instruclior
349 2805 426 2843 autem
439 2793 509 2860 παρὰ
524 2790 683 2859 προσδοκίαν,
694 2795 761 2856 quasi
773 2810 827 2842 sero
838 2796 895 2843 vitia
905 2808 1042 2845 ornamento

104 2870 130 2907 et
140 2862 261 2907 commodo
271 2870 355 2908 essent.

137 2925 241 2980 24—27.
270 2923 354 2987 [regit]
382 2926 513 2972 ‘rationem
532 2924 626 2971 vivendi
647 2924 669 2971 ei
688 2923 831 2984 praescribit'
849 2922 977 2987 —[oeluts‘
1001 2928 1042 2986 pio

104 2988 192 3051 muter]
211 2991 345 3037 Admodum
361 2990 442 3037 festive
461 2998 579 3050 comparat
593 2989 689 3035 divitem
704 2989 821 3047 vitiosum,
840 2990 881 3049 qui
897 2990 965 3037 amici
981 2989 1042 3037 inie-

104 3056 173 3102 rioris
184 3055 270 3101 malam
284 3055 385 3115 aliquam
402 3055 593 3103 consuetudinem
603 3054 707 3113 castigat,
722 3069 776 3101 cum
787 3062 869 3109 matre,
885 3055 922 3101 cui
932 3056 1017 3101 liberos
1026 3069 1043 3101 a

104 3120 168 3166 vitiis
184 3133 291 3166 revocare
306 3120 450 3179 propositum
467 3128 503 3167 est
521 3129 545 3167 et
561 3120 660 3175 efficere,
679 3126 706 3165 ut
722 3120 760 3165 vel
775 3129 848 3166 semet
865 3120 917 3180 ipssa
934 3120 1041 3165 meliores

103 3181 412 3247 evadant-[Stultitiom]
430 3189 437 3211 ⁸
452 3186 512 3232 Meas
528 3200 582 3244 opes
599 3192 670 3231 tantas
684 3191 747 3242 sunt,
764 3194 790 3231 ut
800 3185 899 3231 stultitia
915 3182 1040 3244 (quemad-

103 3250 200 3296 modum
212 3249 328 3295 luxuriem
339 3264 381 3309 per
392 3250 577 3311 euphemismum
589 3246 680 3308 vocatz)
698 3262 736 3295 aas
748 3264 795 3295 non
806 3249 925 3295 attenuet!

136 3313 177 3368 28,
194 3314 232 3361 29.
257 3311 345 3376 [illius]
369 3314 480 3361 ‘fautoris
501 3314 591 3362 tui.'-
606 3310 670 3377 [vico
690 3310 775 3375 torm]
798 3315 826 3361 A.
846 3314 870 3360 Ρ.
890 3312 947 3371 433,
967 3312 1041 3374 licgss

102 3380 212 3425 dicuntur
235 3380 311 3426 multis
335 3393 417 3441 urgere
439 3380 529 3427 culullis
550 3380 583 3427 Et
604 3386 708 3441 torquere
729 3395 796 3434 sacro,
820 3392 884 3440 Μ
899 3380 1040 3437 momulus

102 3444 216 3489 laborant.

134 3508 174 3563 30,
186 3506 226 3554 31.
250 3504 313 3569 [Nec
329 3505 383 3569 tuo]
407 3508 477 3555 ‘Hoc
496 3523 588 3568 quoque
606 3509 667 3555 solet
683 3507 801 3554 offendere
818 3513 924 3565 potentes
945 3504 1040 3562 amicos,

100 3570 121 3619 si
141 3572 221 3618 studia
245 3568 454 3635 (ἐπιτηδεύματα)
480 3583 558 3620 nostra
579 3574 702 3619 dumtaxat
724 3571 850 3619 laudabilia
870 3585 921 3617 esse
941 3579 1038 3617 conteu-

100 3637 188 3695 dimus,
206 3636 290 3695 aliena,
309 3638 400 3701 patroni
419 3636 544 3700 praecipue,
559 3638 638 3685 stadis
655 3638 783 3684 detrectare
804 3650 832 3683 ac
852 3635 1037 3697 reprehendera'
