2442 4059
160 239 200 300 st
414 253 656 298 nrrsronlnuur
678 253 746 297 urs.
764 254 801 300 11.
819 238 848 298 1.

165 406 218 471 Sic
232 405 332 469 fautor
347 417 496 483 veterum,
514 419 548 471 ut
563 406 682 471 tabulas
696 428 823 489 peceare
839 417 990 483 vetantes,

165 492 253 567 Quas
270 492 314 553 bis
330 492 467 576 quinque
482 492 539 555 viri
554 505 733 567 sanxerunt,
750 491 867 555 foedera
881 514 990 579 regum

164 578 225 641 Vel
243 578 352 641 Gabiis
368 578 416 640 vel
433 600 501 642 cum
518 578 625 662 rigidis
638 591 760 663 aequata
776 578 908 654 Sabinis,
1059 582 1101 640 25

165 663 353 728 Pontificum
370 662 470 738 libros,
487 686 602 728 annosa
618 664 773 728 volumina
789 677 902 740 vatum,

166 748 300 815 Dictitet
316 749 437 814 Albano
454 748 563 814 Musas
577 750 609 813 iu
625 763 730 813 monte
747 750 871 814 locutas.

170 836 213 913 si,
231 835 304 919 quia
319 835 497 899 Graecorum
512 848 585 899 sunt
598 835 810 921 antiquissima
824 857 956 921 qnaeque

169 921 290 1005 Scripta
306 921 353 984 vel
368 922 492 1006 optima,
512 921 645 986 Romani
661 934 827 1007 pensantur
842 921 951 986 eridem

168 1006 338 1091 Scriptores
354 1007 478 1083 trutina,
495 1030 554 1071 uon
572 1006 715 1093 estquod
731 1007 828 1072 multa
842 1007 1022 1092 loquamur:
1060 1010 1102 1069 30
1216 1075 1217 1098 χ

167 1092 222 1156 Nil
237 1093 317 1157 intra
332 1105 379 1157 est
392 1092 500 1170 oleam,
517 1093 559 1157 nil
577 1105 664 1157 extra
679 1107 727 1158 est
741 1094 772 1156 in
788 1116 867 1157 unce
881 1092 959 1156 duri.
1216 1101 1217 1126 ¹

167 1178 318 1242 Venimus
332 1178 370 1243 ud
385 1202 534 1243 summam
549 1179 697 1255 fortunae3
720 1178 877 1266 pingimus
890 1192 984 1263 atque

168 1264 331 1329 Psallimus
347 1280 378 1329 et
395 1265 543 1330 luctamur
558 1264 687 1330 Achivis
702 1265 819 1329 doctius
835 1264 944 1331 unctis.

170 1351 203 1415 Si
219 1350 343 1414 meliora
358 1349 433 1427 dies,
452 1362 485 1415 ut
500 1351 582 1427 vina,
597 1364 739 1435 poemata
752 1351 862 1426 reddit,

169 1436 255 1501 Scire
271 1436 372 1511 velim,
390 1437 520 1521 pretium
537 1436 649 1501 chartis
663 1450 776 1523 quotus
790 1448 913 1523 arroget
926 1459 1035 1501 annus.
1060 1441 1102 1500 35

169 1522 305 1605 Scriptor
320 1522 432 1587 abhinc
445 1546 541 1587 anuos
557 1538 680 1588 centum
696 1523 749 1608 qui
763 1523 886 1600 decidit,
902 1523 984 1588 iuter

171 1608 327 1672 Perfectos
341 1624 523 1695 veteresque
539 1609 646 1672 referri
661 1609 763 1685 debet,
779 1631 818 1673 an
835 1609 915 1673 inter

167 1692 255 1757 Viles
269 1706 363 1780 utque
379 1694 498 1759 novos?
530 1694 684 1759 Excludat
693 1694 799 1781 jurgia
812 1694 891 1758 finis.

168 1778 227 1843 Est
241 1796 329 1843 vetus
343 1793 436 1865 utque
452 1780 575 1864 probus,
592 1794 715 1846 centum
731 1781 785 1867 qui
801 1780 920 1866 perlicit
934 1803 1039 1845 annos.

169 1864 264 1941 Quid,
282 1866 334 1951 qui
351 1865 482 1949 deperiit
497 1866 596 1929 minor
612 1890 673 1930 uno
688 1889 793 1930 mense
809 1867 858 1931 vel
872 1890 963 1945 anuo,
1062 1872 1103 1929 to

169 1949 255 2016 Inter
270 1973 346 2035 quos
362 1952 540 2016 referendus
555 1950 639 2017 erit?
661 1966 821 2018 veteresne
836 1968 951 2038 poetas,

169 2038 221 2099 An
237 2060 314 2123 quos
329 2051 361 2100 et
375 2060 507 2122 praesens
524 2049 556 2101 et
571 2050 692 2123 postera
706 2051 830 2125 respuat
844 2037 943 2104 aetas?

169 2121 233 2186 Iste
249 2122 374 2209 quidem
390 2138 508 2187 veteres
524 2123 603 2188 inter
618 2138 749 2211 ponetur
764 2125 902 2203 honeste,

170 2208 234 2283 Qui
250 2209 299 2272 vel
315 2231 419 2273 mense
437 2209 521 2273 brevi
537 2210 586 2274 vel
601 2222 666 2275 toto
681 2224 729 2275 est
738 2210 844 2296 junior
858 2234 948 2275 anno.

170 2294 252 2359 Utor
267 2294 423 2380 permisso,
440 2296 607 2381 caudaeque
623 2296 701 2382 pilos
716 2311 750 2361 ut
765 2297 897 2381 equinae,
1061 2300 1103 2359 45

170 2380 334 2446 Paullatim
351 2382 431 2445 vello
446 2392 479 2445 et
493 2381 583 2445 demo
599 2405 704 2459 unum,
721 2383 812 2446 demo
826 2395 859 2446 et
872 2384 947 2447 item
963 2405 1070 2459 unum,

169 2466 256 2529 Dum
273 2466 360 2532 cadat
374 2468 477 2531 elusus
492 2467 609 2533 ratione
626 2468 742 2532 ruentis
756 2469 867 2547 acervi,

171 2551 236 2627 Qui
252 2553 330 2617 redit
344 2552 381 2617 ad
398 2552 499 2629 fastos,
516 2567 549 2617 et
563 2554 706 2618 virtutem
722 2554 853 2620 aestimat
866 2554 966 2632 annis,

171 2636 368 2724 Miraturque
384 2639 469 2715 nihil,
487 2638 544 2703 nisi
560 2640 643 2725 quod
661 2639 798 2706 Libitina
812 2641 949 2706 sacravit.

170 2722 301 2801 Ennius,
318 2740 350 2788 et
364 2724 485 2810 sapiens
499 2737 532 2789 et
546 2726 632 2790 fortis
647 2739 678 2790 et
692 2725 769 2791 alter
785 2726 952 2805 Homerus,
1062 2731 1103 2789 50
1145 2747 1148 2757 ’

170 2809 219 2874 Ut
233 2810 329 2875 critici
345 2811 459 2889 dicunt,
476 2810 584 2875 leviter
599 2834 705 2876 curare
720 2811 850 2891 videtur,

171 2895 244 2970 Quo
259 2898 405 2981 promissa
419 2896 528 2962 cadant
543 2910 575 2962 et
589 2898 707 2963 somnia
724 2898 929 2986 Pythagorea.

172 2981 299 3046 Naevius
315 2983 345 3044 in
362 2984 501 3047 manibus
517 3006 578 3048 non
594 2996 651 3061 est,
668 2999 699 3049 et
714 2986 867 3049 mentibus
882 2985 979 3049 haeret

171 3068 266 3133 Paene
282 3069 411 3133 recens?
456 3069 545 3134 Adeo
559 3084 697 3135 sanctum
715 3083 762 3135 est
776 3090 864 3135 vetus
878 3094 969 3135 omne
984 3093 1104 3158 poema.
1216 3069 1217 3092 ³

170 3153 349 3241 Ambigitur
365 3155 485 3239 quoties
501 3169 568 3220 uter
584 3168 652 3220 utro
667 3156 707 3220 sit
722 3156 813 3241 prior,
828 3156 931 3221 aufert
1063 3162 1105 3221 55

151 3308 154 3313 ,
171 3240 323 3303 Pacuvius
338 3240 419 3304 docti
434 3240 545 3305 famam
560 3242 652 3318 senis,
671 3242 785 3307 Accius
799 3242 873 3307 alti:

170 3325 296 3391 Dicitur
312 3326 420 3390 Afrani
438 3340 511 3412 toga
525 3327 704 3391 convenisse
723 3328 914 3403 Menandro;

172 3410 300 3477 Plautus
315 3411 352 3476 ad
369 3412 524 3493 exemplar
542 3413 638 3476 Siculi
653 3435 817 3498 properare
835 3414 1032 3501 Epicharmi3

170 3495 305 3562 Vincere
322 3497 465 3562 Caecilius
479 3497 640 3584 gravitate,
657 3498 825 3564 Terentius
838 3516 914 3567 arte.

171 3580 239 3646 Hos
254 3583 371 3662 ediscit,
387 3596 420 3649 et
435 3584 488 3648 hos
502 3597 585 3649 arcto
599 3584 712 3671 stipata
727 3586 855 3665 theatro,
1063 3593 1103 3651 60
