2442 4059
371 274 611 320 sorssounuun
634 275 741 320 urar.
760 260 808 319 11.
1020 258 1063 315 69

308 564 471 608 EPlSTOLA
494 562 632 607 xn—Au
654 560 867 605 BULLATIUM.

115 712 204 790 Quid
220 712 277 779 tibi
291 713 356 778 visa
372 712 478 795 Cbios,
496 712 622 788 Bullati,
639 724 773 797 uotaque
790 708 933 777 Lesbos?

114 800 204 875 Quid
219 799 370 864 concinna
388 797 518 863 Samos?
540 798 616 885 quid
633 798 734 900 Croesi
748 797 835 898 regia
852 796 981 863 Sardis?

115 887 252 973 Smyrna
267 886 352 971 quid,
369 899 401 950 et
418 882 606 970 Colophon?
628 906 745 969 majora
759 905 915 948 minorave
930 882 1038 951 fami?

115 972 280 1036 Cunctane
296 994 359 1057 prae
377 970 497 1056 Campo
512 984 544 1035 et
558 970 710 1034 Tiberino
725 968 853 1032 flumine
868 968 1016 1035 sordent?

114 1062 169 1121 An
185 1058 272 1122 venit
286 1057 438 1121 inmotum
455 1056 599 1123 Attalicis
615 1078 655 1120 ex
671 1054 798 1119 urbibus
814 1054 900 1119 uua?
1038 1062 1058 1119 5

114 1145 169 1208 An
186 1143 349 1207 Lebedum
364 1143 479 1220 laudas,
495 1143 566 1208 odio
581 1142 672 1207 maris
686 1155 781 1227 atque
796 1138 938 1205 viarum?

115 1230 194 1306 Scis,
212 1228 359 1295 Lebedus
374 1228 448 1314 quid
464 1228 523 1304 sit3
547 1227 659 1293 Gabiis
673 1226 822 1292 desertior
836 1239 931 1312 atque

114 1315 244 1380 Fidenis
259 1316 362 1389 vicus3
385 1333 488 1380 tamen
504 1314 568 1377 illic
583 1314 687 1377 vivere
703 1314 826 1390 vellem,

114 1401 305 1486 Oblitusque
319 1424 470 1477 meorum,
486 1399 713 1464 obliviscendus
728 1413 760 1463 et
774 1398 846 1480 illis,

113 1486 300 1573 Neptunum
316 1487 455 1572 procule
471 1486 552 1550 terrai
567 1498 707 1571 spectare
722 1487 887 1550 furentem.
1019 1487 1056 1547 10

114 1574 179 1638 Sed
194 1596 307 1659 neque,
324 1573 379 1659 qui
393 1572 501 1658 Capuri
519 1571 651 1635 Romam
668 1570 756 1656 petit,
773 1570 871 1635 imbre
887 1571 1014 1659 lutoque

113 1659 291 1745 Adspersus
306 1660 389 1724 volet
403 1659 436 1722 in
451 1657 590 1743 caupona
606 1656 730 1733 vivere3
753 1679 822 1732 nec,
840 1656 894 1742 qui

113 1745 228 1832 Frigus
243 1745 379 1832 collegit,
396 1745 501 1808 furnos
516 1756 548 1808 et
563 1743 674 1808 balnea
688 1743 800 1819 laudat,

113 1830 163 1897 Ut
177 1832 363 1896 fortunatam
378 1831 470 1916 plene
486 1830 662 1916 praestantia
678 1829 783 1894 vitam.

113 1917 193 1995 Nec,
209 1917 282 1983 site
298 1916 416 1982 validus
426 1916 590 2002 jactaverit
606 1915 722 1981 Auster
736 1915 769 1978 in
784 1913 856 1992 alto,
1017 1918 1056 1979 15

112 2003 236 2069 Idcirco
251 2026 362 2067 navem
377 2014 461 2067 trans
476 2000 627 2087 AEgaeum
641 2025 724 2066 mare
740 2001 865 2066 vendas.

111 2090 268 2155 Incolumi
286 2088 413 2154 Rhodos
428 2099 460 2153 et
476 2087 636 2175 Mitylene
651 2087 779 2173 pulchra
792 2087 875 2163 facit,
891 2087 975 2173 quod

113 2175 245 2242 Paenula
258 2175 398 2251 solstitio,
415 2186 585 2260 campestre
600 2174 754 2238 nivalibus
768 2173 861 2251 auris,

112 2262 177 2326 Per
192 2261 332 2326 brumam
347 2260 483 2337 Tiberis,
501 2258 613 2324 Sextili
629 2282 734 2335 meuse
749 2258 897 2324 caminus.

110 2348 201 2413 Dum
217 2348 299 2424 licet,
316 2370 352 2411 ao
367 2348 485 2412 vultum
500 2358 601 2410 serv-at
618 2345 755 2410 Fortuna
770 2343 951 2430 benignum,
1013 2347 1055 2408 20

112 2435 227 2499 Romae
241 2433 384 2499 laudetur
402 2433 510 2497 Samos
525 2446 558 2496 et
574 2430 670 2495 Chios
686 2444 718 2495 et
735 2429 862 2493 erodos
876 2428 997 2495 absens.

111 2520 178 2597 Tu,
195 2542 413 2605 quamcunque
428 2519 503 2583 deus
519 2518 575 2581 tibi
590 2515 793 2580 fortunaverit
806 2515 923 2592 horam,

111 2606 213 2671 Gratd
227 2628 315 2671 sume
331 2628 433 2681 mauu,
449 2626 511 2667 neu
526 2602 629 2667 dulcia
643 2602 732 2666 differ
746 2602 779 2666 in
794 2624 929 2678 aunum3

111 2692 172 2770 Ut,
188 2714 375 2777 quocunque
391 2691 457 2755 loco
472 2689 576 2767 fueris,
592 2688 707 2753 vixisse
722 2688 856 2752 libenter

110 2778 163 2843 Te
178 2778 280 2843 dicas:
305 2800 376 2841 nam
391 2777 417 2841 si
432 2775 509 2840 ratio
524 2790 556 2841 et
571 2774 735 2860 prudentia
749 2797 847 2850 curas,
1010 2779 1053 2838 25

110 2864 186 2929 Non
202 2864 286 2929 locus
301 2863 389 2927 effusi
405 2863 465 2927 late
481 2862 572 2926 maris
586 2860 711 2938 arbiter,
727 2860 829 2924 aufert
838 2883 847 2936 3

110 2950 248 3028 Coelum,
265 2972 327 3014 non
341 2948 478 3013 animum
493 2960 625 3025 mutant,
641 2947 696 3032 qui
710 2960 793 3011 trans
808 2968 891 3010 mare
907 2959 1043 3011 currunt.

22 3062 27 3073 ·
109 3038 247 3101 Strenua
262 3058 317 3100 uos
332 3046 458 3098 exercet
472 3033 600 3097 inertia:
624 3032 754 3097 navibus
768 3046 862 3117 atque

109 3122 283 3208 Quadrigis
298 3122 432 3207 petimus
448 3120 527 3183 bene
543 3119 656 3184 virere.
691 3117 786 3193 Quod
802 3116 891 3204 petis,
908 3116 958 3183 lric
973 3130 1037 3191 est3

108 3208 170 3275 Est
186 3206 326 3285 Ulubris,
342 3206 463 3273 animus
477 3206 504 3271 si
519 3218 550 3271 te
565 3227 628 3268 non
643 3204 748 3270 deficit
762 3226 877 3288 aequus.
1009 3208 1051 3267 30
1081 3264 1086 3281 ,
