2442 4059
170 253 212 313 40
437 270 636 315 sarmarum
657 271 724 315 mn.
741 272 779 315 rr.
795 256 825 315 4.

172 422 285 507 Longa
299 421 411 507 quibus
424 422 518 487 facies
532 421 597 485 ovis
612 422 682 499 erit,
697 422 749 485 illa
762 436 929 501 memento,

172 508 221 573 Ut
235 508 318 571 succi
334 509 465 572 melioris
480 520 512 571 et
528 521 561 571 ut
574 509 674 594 magis
688 509 758 573 alba
771 509 920 586 rotundis,

172 594 311 668 Ponere;
334 617 467 679 namque
483 616 596 657 marem
613 593 759 659 cohibent
772 595 883 659 callosa
896 596 1045 663 vitellum.

173 680 271 743 Caule
286 679 471 755 suburbano,
487 680 541 763 qui
555 680 644 743 siccis
658 681 756 744 crevit
770 681 801 743 in
817 682 909 767 agris,
1066 690 1105 749 15
1216 729 1217 738 κ

172 765 322 841 Dulcior;
345 766 461 852 irriguo
477 766 552 829 nihil
568 779 616 830 est
629 767 743 829 elutius
760 767 858 831 horto.

173 851 209 915 Si
224 852 415 935 vespertinus
428 852 531 917 subito
545 865 577 915 te
592 852 779 937 oppresserit
792 852 912 938 hospes,

171 936 224 1000 Ne
239 938 354 1023 gallina
368 938 481 1002 malum
496 951 656 1023 responset
670 938 746 1001 dura
760 938 872 1023 palato,

172 1022 294 1087 Doctus
309 1024 369 1087 eris
383 1024 483 1087 vivam
499 1036 599 1087 musto
614 1046 745 1088 mersare
763 1024 894 1088 Falerno
903 1049 913 1101 ;

172 1109 245 1173 Hoc
259 1123 395 1173 teneram
410 1110 511 1173 faciet.
558 1109 756 1175 Pratensibus
770 1112 886 1193 optima
900 1112 1004 1198 fungis
1060 1118 1103 1175 20

172 1194 292 1259 Natura
306 1207 372 1259 est:
394 1195 462 1259 aliis
477 1194 555 1258 male
570 1196 715 1259 creditur.
760 1194 818 1259 Ille
832 1197 969 1262 salubres

172 1280 311 1345 AEstates
326 1295 462 1368 peraget,
479 1280 533 1365 qui
547 1280 645 1367 nigris
660 1281 786 1366 prandia
800 1283 891 1347 moris

172 1366 286 1443 Finiet,
301 1380 374 1431 ante
388 1391 513 1451 gravem
528 1389 598 1452 quae
614 1366 724 1453 legerit
737 1368 845 1432 arbore
859 1369 965 1433 solem.

171 1453 315 1516 Aufidius
330 1454 401 1517 sorti
416 1453 563 1517 miscebat
577 1453 669 1516 mella
685 1453 827 1528 Falerno,

172 1538 343 1613 Mendose3
367 1540 511 1624 quoniam
526 1538 629 1602 vacuis
643 1539 834 1603 committere
848 1540 936 1603 venis
1060 1546 1102 1605 25

170 1622 225 1687 Nil
241 1625 300 1687 nisi
316 1625 385 1689 lene
400 1625 508 1689 decet:
532 1624 595 1688 leui
610 1625 776 1710 praecordia
790 1624 889 1689 mulso

172 1709 328 1775 Prolueris
343 1712 461 1775 melius.
507 1709 542 1773 Si
556 1710 633 1773 dura
648 1711 812 1775 morabitur
826 1711 923 1788 alvus,

172 1795 306 1860 Mitulus
321 1809 353 1860 et
368 1797 443 1860 viles
458 1796 577 1881 pellent
591 1796 743 1860 obstantia
757 1797 891 1872 conchae,

171 1880 215 1945 Et
230 1882 344 1965 lapathi
360 1882 460 1946 brevis
475 1882 578 1959 herba,
595 1882 649 1946 sed
662 1882 734 1947 albo
748 1904 809 1946 nou
825 1882 892 1946 sine
909 1883 986 1947 Coo.

170 1966 306 2031 Lubrica
321 1980 479 2033 nascentes
493 1968 624 2054 impleut
638 1968 799 2054 conchylia
812 1968 913 2045 lunae3
1059 1975 1101 2035 30

173 2054 234 2117 Sed
250 2075 311 2116 non
327 2076 418 2118 omne
438 2077 521 2118 mare
536 2069 584 2118 est
596 2077 756 2141 generosae
769 2054 871 2119 fertile
886 2067 981 2120 testas.

171 2139 296 2203 Murice
315 2139 431 2205 Baiano
445 2140 552 2204 melior
569 2140 705 2205 Lucrina
719 2140 851 2227 peloris:

171 2224 284 2290 Ostrea
300 2226 437 2303 Circeiis,
458 2227 582 2291 Miseno
596 2228 736 2291 oriuntur
751 2225 870 2302 eclrini3

172 2310 350 2376 Pectiuibus
366 2313 476 2396 patulis
487 2313 583 2398 jactet
597 2336 630 2377 se
646 2312 737 2375 molle
753 2312 933 2376 Tarentum.

170 2395 240 2461 Nec
254 2398 311 2462 sibi
328 2422 483 2463 coenarum
498 2398 598 2484 quivis
614 2412 729 2463 temere
744 2398 872 2484 adroget
885 2411 992 2473 artem,
1060 2401 1102 2460 35

171 2482 243 2546 Non
260 2485 343 2569 prius
359 2486 465 2549 exact&
481 2487 569 2549 tenui
584 2486 702 2549 ratione
716 2506 868 2569 saporum.

170 2568 239 2633 Nec
253 2570 325 2635 satis
340 2585 396 2647 est,
413 2571 481 2635 card
497 2571 595 2656 pisces
609 2592 750 2634 averrere
765 2570 881 2646 mensi,

169 2654 328 2742 Ignarum,
345 2657 456 2742 quibus
470 2668 517 2720 est
527 2657 579 2741 jus
593 2658 704 2740 aptius,
721 2669 753 2719 et
767 2655 878 2739 quibus
892 2655 966 2719 assis

169 2740 351 2828 Languidus
366 2744 397 2805 in
414 2741 549 2806 cubitum
560 2742 626 2826 jam
641 2762 675 2804 se
690 2741 818 2805 conviva
836 2754 974 2826 reponet.

170 2826 338 2895 Umber.et
351 2828 448 2976 ilipula
463 2826 596 2891 nutritus
611 2826 723 2913 glande
738 2826 883 2891 rotundas
1059 2833 1102 2891 40
1216 2847 1217 2916 ζ

171 2912 288 2977 Curvat
302 2937 376 2999 aper
404 2936 494 2977 nuces
509 2936 631 2977 carnem
647 2912 771 2977 vitantis
786 2913 933 2976 inertem:

169 2997 252 3062 Nam
269 3000 409 3063 Laurens
425 2999 520 3062 malus
535 3012 591 3075 est,
609 2998 686 3062 ulvis
701 3012 733 3063 et
746 2998 895 3062 arundine
910 2998 1044 3085 pinguis.

169 3083 271 3149 Vinea
285 3084 437 3149 submittit
452 3107 575 3169 capreas
591 3108 652 3148 non
666 3106 787 3170 semper
803 3084 918 3148 edules.

170 3169 325 3235 Fecundae
341 3171 452 3257 leporis
466 3172 587 3255 sapiens
601 3170 767 3235 sectabitur
781 3192 889 3233 armos.

169 3256 310 3321 Piscibus
324 3272 417 3342 atque
428 3257 535 3321 avibus
550 3279 620 3341 quae
634 3268 743 3320 natura
757 3267 789 3319 et
803 3256 883 3319 foret
896 3267 980 3332 aetas,
1059 3262 1101 3319 45

168 3343 253 3407 Ante
269 3366 370 3407 meum
387 3342 463 3406 nulli
479 3343 578 3426 patuit
592 3342 720 3427 quaesita
735 3341 880 3427 palatum.

171 3428 260 3505 Sunt,
277 3452 406 3514 quorum
422 3428 582 3513 ingenium
598 3450 677 3491 nova
692 3439 810 3491 tantum
825 3425 960 3489 crustula
979 3426 1101 3513 promit.

169 3512 375 3600 Nequaquam
390 3510 462 3579 satis
477 3514 509 3576 in
525 3535 558 3577 re
573 3514 634 3576 und
649 3534 829 3576 consumere
845 3534 969 3575 curam:

170 3599 218 3665 Ut
232 3598 257 3663 si
272 3603 341 3685 quis
356 3601 455 3665 solum
470 3599 536 3675 boc,
554 3599 633 3663 mala
647 3620 687 3660 ne
701 3598 764 3661 siut
778 3597 858 3673 vina,
875 3597 1001 3675 laboret,
