2442 4059
107 232 149 323 ari
160 270 289 329 essonae]
447 269 729 318 tartarearum.
988 269 1053 335 269
1107 294 1115 310 .

105 438 168 472 mox
181 430 294 470 memorat
307 430 387 468 notare
399 421 490 467 videtur
500 429 562 467 certa
573 422 681 481 quasdam
694 436 743 467 sues
757 420 831 467 etatis
847 429 961 481 poemata,
978 423 1052 469 veluti

106 491 263 549 probabiliter
276 488 372 534 Furium
390 487 524 533 Bibaculum
540 486 564 533 in
582 487 678 532 flamine
694 488 785 533 Rheno.
803 486 849 533 cn.
862 488 908 533 Sat.
923 488 943 541 1,
956 488 994 543 10,
1011 488 1051 542 37.

106 578 145 589 —-
153 551 241 616 [lacae]
261 551 366 612 Respicit
376 554 406 611 ad
419 552 441 597 Ιι,
453 552 468 597 1.
480 552 571 598 Persius
585 551 606 607 l,
617 553 656 606 75,
674 568 715 599 nec
725 567 809 612 ponere
820 553 893 598 lacurn
904 554 1010 610 orttficee.
1020 577 1052 587 -

107 616 211 681 [flamen
221 617 335 675 Menam]
348 617 451 677 adjectio.
465 625 490 662 ut
499 617 543 663 0d.
551 618 574 671 4,
583 618 605 673 4,
615 617 655 673 33,
666 617 893 676 dletoarensflamen.
904 618 978 663 'lacit
988 617 1049 665 Hist.

108 685 135 741 4,
149 683 188 737 12,
201 698 261 730 neore
275 684 393 729 Oceanum.

147 748 249 796 lat-aa.
268 743 418 808 [cupressum]
438 744 587 791 Proverbium
598 753 633 791 ast
644 743 669 790 in
681 747 768 792 malam
779 746 898 806 pictorem,
909 747 949 806 qui
960 747 1050 793 nescie-

107 814 152 859 bat
164 812 228 859 aliud
239 812 335 873 pingere
346 826 416 871 qaam
426 824 566 869 capreosam.
601 811 637 856 Ab
654 810 698 857 hoc
714 810 841 870 naufragas
855 812 949 871 quidam
961 811 1051 872 perivit,

109 888 140 923 ut
151 879 242 923 vultam
254 892 322 923 suurn
333 888 356 921 et
368 874 514 933 naufragium
530 874 678 935 exprimeret.
710 876 753 921 ille
771 876 929 934 interrogavit,
948 891 1004 922 nam
1021 891 1051 922 ex

109 956 223 1001 cupresso
240 942 308 987 vellet
325 940 416 999 aliquid
429 940 540 999 adpingit
557 940 620 999 quod
637 939 785 1000 proverbium
797 942 884 987 Grecis
902 941 927 985 in
945 957 989 987 aaa
1007 951 1049 997 est,

107 1000 531 1131 tta,taratantara
547 1001 1050 1117 attatei-frattinaaa·

110 1138 204 1195 busque
216 1137 282 1182 bonis
292 1135 339 1181 auis
350 1143 441 1187 exutas,
457 1134 563 1193 quocirca
574 1135 677 1180 tabulam
688 1135 750 1179 illam
766 1150 814 1195 prta
830 1150 854 1181 se
871 1136 947 1181 ferens
958 1132 1050 1181 mendiss

110 1210 192 1247 catam
205 1201 237 1247 it'
255 1200 301 1246 etr.
314 1201 397 1246 Juven.
412 1199 448 1252 14,
460 1199 600 1253 lilibaetano
616 1206 673 1254 rote,
690 1196 815 1261 naufragae
826 1216 896 1246 ossen
907 1201 967 1246 Dans
984 1207 1051 1262 rogat

111 1273 136 1314 et
155 1268 222 1326 picta
242 1281 265 1312 ee
287 1271 418 1325 tempestate
440 1260 717 1325 lactan—[Amphora]
747 1265 813 1310 Nova
833 1264 927 1323 imagoz
950 1264 1053 1321 ‘talibaa

112 1330 297 1391 digressionibus
308 1330 342 1384 nt,
354 1337 380 1374 ut
391 1329 503 1389 prodeant
514 1337 621 1388 poemata
631 1328 751 1382 deformia,
765 1344 863 1389 quoram
873 1330 950 1375 exitus
962 1344 1051 1388 nequa·

131 1410 187 1441 uam
205 1395 328 1454 respondet
345 1402 490 1451 argumento,
508 1394 570 1452 qaod
587 1394 734 1439 tractandam
750 1403 881 1454 susceperat
900 1395 1052 1454 scriptor!—

111 1410 193 1522 lrotd]
211 1459 310 1519 figulari,
325 1458 419 1519 potter’e
434 1455 650 1519 wicel-[arceas
663 1455 723 1518 exit]
740 1460 796 1518 qaia
812 1469 898 1505 temere
912 1474 939 1505 ac
955 1458 1052 1504 fortuito

112 1540 165 1571 rem
177 1525 266 1583 peregit
277 1524 368 1583 figulus,
386 1524 408 1568 ir.
422 1524 436 1568 1.
450 1530 523 1581 poeta
534 1537 593 1569 casco
604 1523 694 1583 impeta
704 1525 792 1583 abrepti
803 1524 887 1582 imago.
896 1548 927 1557 -
948 1524 1049 1584 qas'dos'e]

112 1590 286 1649 ‘qaodcunque
296 1603 394 1649 poemat
405 1591 470 1648 cujas
481 1588 580 1647 generis,
589 1602 652 1634 nanc
663 1588 721 1633 nibil
733 1586 940 1650 reiera’-[anam
966 1586 1050 1651 ὥσπερ

112 1652 182 1707 ζῶον
190 1651 219 1701 lo
230 1650 298 1701 ὅλον.
316 1654 387 1700 Arist
399 1654 423 1698 P.
436 1653 474 1699 23.

147 1718 252 1773 25-27.
271 1714 430 1781 [Decipe'mar]
450 1716 512 1762 Vitia
529 1716 592 1764 omni
609 1716 684 1777 poesis
701 1717 781 1776 generi
797 1716 938 1775 communia,
955 1717 980 1764 in
997 1733 1050 1777 qaae

113 1794 191 1845 poete
202 1783 269 1829 facile
280 1784 406 1837 incurrant,
415 1790 543 1836 enumerat,
552 1796 579 1827 ac
587 1796 611 1827 se
623 1796 715 1842 qaoque
724 1782 748 1830 ln
759 1797 861 1829 errorem
872 1782 973 1829 incidere
984 1797 1051 1842 posse

112 1849 218 1907 ingenue
237 1842 475 1908 fatetur-[specie]
493 1841 553 1909 ἰδέᾳ·
572 1846 609 1891 ‘id
629 1847 692 1905 qaod
711 1855 799 1893 rectam
816 1857 840 1892 et
856 1862 910 1892 vere
928 1849 1052 1907 pulchram

114 1913 184 1959 nobis
194 1912 285 1958 videtur
297 1911 363 1957 unice
374 1920 496 1967 sectantes,
512 1910 636 1957 incidimus
646 1911 672 1957 in
682 1911 753 1959 vitia!
761 1936 794 1946 -
802 1908 884 1973 [lenia]
903 1913 926 1958 in
943 1912 979 1958 his
992 1913 1051 1957 dao-

113 1980 160 2024 bus
171 1992 206 2023 ev.
217 1978 274 2024 lenis
289 1984 314 2022 et
329 1976 508 2023 evatinorum
526 1976 768 2035 praestantissimorum
783 1978 907 2023 arroteritae
924 1976 1052 2037 plurimam

114 2042 186 2097 valet,
197 2056 269 2101 qaam
281 2049 305 2087 et
316 2040 391 2088 Gtaeci
403 2048 427 2086 et
439 2040 515 2086 Latini
531 2039 580 2097 τὴν
596 2036 721 2096 λειότητα,
731 2043 851 2097 koitalem,
869 2057 915 2087 non
927 2042 1002 2088 solam
1019 2040 1051 2103 τῇ

113 2103 265 2187 τραχύτητι,
286 2108 413 2166 αιρινίιαιί,
435 2106 476 2150 aad
497 2106 566 2150 etiarn
590 2104 622 2168 τῇ
645 2101 776 2164 δεινότητι,
798 2105 836 2167 τῷ
857 2103 990 2167 παθητικῷ
1009 2103 1052 2151 eol

112 2167 230 2233 ὲμψυχῳ,
240 2172 329 2225 aalma,
340 2172 421 2224 aeneia
432 2171 518 2217 viritas
528 2178 659 2229 opponam
677 2178 703 2215 ut
712 2170 823 2221 Quinctil.
835 2171 858 2226 8,
870 2171 892 2224 3,
904 2170 927 2225 6,
936 2171 1050 2229 effimina-

114 2244 164 2282 tom
174 2238 285 2283 levitatem
296 2236 386 2281 ornatas*
396 2236 465 2290 virili,
476 2228 543 2294 sorti,
559 2237 599 2295 qai
607 2236 718 2295 sangnine
733 2241 763 2281 er
772 2237 858 2281 oiribae
868 2238 932 2281 nitet.
939 2259 972 2268 -
981 2232 1049 2296 [pro-

104 2298 187 2362 jeetus
195 2297 307 2362 grandia]
325 2304 331 2325 ⁴
342 2300 382 2359 qai
393 2300 491 2345 salrlime
502 2312 575 2357 genae
586 2299 679 2345 dicendi
688 2299 795 2345 affectat)

148 2365 250 2411 atr-31.
269 2362 358 2425 [Serpit
368 2360 441 2424 bani]
460 2364 518 2409 Daae
530 2364 643 2421 imagines
652 2374 707 2409 sant
717 2373 846 2420 contracte,
864 2365 921 2422 ejas,
938 2363 978 2423 qai
989 2379 1051 2409 nun-

113 2445 188 2490 quam
198 2431 228 2476 ad
239 2431 323 2475 altiora
338 2429 395 2474 eniti
413 2437 517 2485 conatur,
534 2438 558 2474 et
573 2430 631 2489 ejas,
648 2428 688 2487 qai
700 2430 851 2487 procellarum
862 2428 986 2474 formidine
997 2428 1052 2474 litas

113 2494 185 2541 radit.
192 2518 224 2529 —
233 2492 292 2555 [in
302 2489 405 2554 rariore]
425 2494 527 2547 Variana,
542 2491 687 2549 ποικίλλειν,
698 2502 733 2539 eet
744 2494 842 2549 efficere,
852 2502 878 2539 ut
888 2510 934 2540 ano
946 2491 1051 2553 (eadem)

113 2574 153 2607 ece
170 2560 220 2605 sine
239 2560 374 2604 necessitate
394 2573 420 2603 ac
442 2558 492 2603 sine
509 2558 662 2603 oblectatione
682 2558 773 2605 lectoris
792 2562 893 2618 prebeat
910 2559 988 2618 plures
1009 2559 1052 2605 ad·

113 2633 221 2684 spectant
238 2624 262 2669 in
274 2624 336 2682 qaod
348 2623 430 2668 vitiam
441 2622 503 2668 baad
515 2636 565 2667 raro
575 2622 820 2678 inciderantOvidiae,
833 2623 948 2676 Lucanas,
956 2624 1052 2669 Statirae.

113 2712 148 2723 -
158 2684 321 2749 [Delphinum]
335 2688 377 2733 Est
386 2688 451 2733 veina
459 2686 613 2747 proverbium.
635 2687 678 2732 lon
689 2702 727 2747 ap.
736 2688 795 2733 Plat.
806 2689 924 2734 Demostb.
937 2688 960 2744 3,
971 2684 1052 2749 δελφῖ-

115 2768 162 2808 νος
179 2750 207 2799 ἐν
225 2749 308 2815 χέρσῳ
325 2748 468 2812 βίω-[1η
485 2748 576 2813 oiston]
595 2751 658 2801 ‘Qut
675 2752 732 2798 vitia
749 2753 852 2798 studiose
873 2753 937 2808 vitat,
956 2768 984 2799 eo
1000 2752 1052 2812 ipso

115 2818 212 2863 vitiosae
222 2820 281 2863 solet
292 2817 350 2871 lieri,
359 2817 377 2861 si
387 2816 485 2875 propriis
494 2816 618 2861 virtutibus
627 2816 721 2875 poeticis
728 2818 806 2863 carea'
826 2817 922 2877 Dionys.
931 2818 1004 2876 Loog.
1011 2818 1052 2873 33,

113 2880 263 2937 ‹inrorocd
282 2875 532 2943 ’Anolrlto'noop-tip'
547 2876 715 2943 oeio'Opnpog
734 2880 768 2928 ἂν
788 2879 896 2944 μᾶλλον,
915 2879 932 2939 ἣ
954 2879 1050 2929 'Anon-

113 2945 206 3003 λώνιος
223 2944 318 3001 ἐθέλοις
335 2942 465 3008 γενέσθαι,

148 3010 251 3065 32-37.
270 3008 413 3071 [AEmilt'ant]
432 3011 475 3055 Est
492 3010 561 3055 ladas
575 3009 726 3067 gladiatoriae
742 3014 772 3057 ab
784 3011 880 3057 AEmilio
896 3011 984 3071 Lepido
998 3025 1054 3057 aon·

114 3078 220 3131 etitatae,
241 3075 340 3136 (⁶⁴qaod
360 3090 422 3120 nanc
437 3074 547 3134 Polycleti
566 3075 676 3119 balneam
692 3075 751 3121 eet.''
773 3074 869 3136 Porplr.)
888 3077 911 3122 P,
931 3076 1009 3121 Victor
1027 3077 1054 3121 in

117 3142 224 3200 Regione
236 3142 313 3195 vlla,
330 3140 353 3186 id
365 3149 407 3192 est,
420 3140 478 3185 Foro
490 3140 604 3197 Romano,
618 3139 730 3199 ponia-
738 3136 820 3202 [anae]
840 3144 939 3199 ‘praeter
948 3142 1052 3194 ceteroa,'

115 3206 217 3252 ‘ntelias
233 3220 304 3265 quarn
322 3205 406 3263 reliqui
424 3205 519 3261 omnes,'
537 3212 563 3249 ut
574 3203 649 3250 Lucil.
664 3219 701 3265 ap.
718 3205 780 3251 Non.
791 3205 814 3260 4,
825 3205 865 3261 64,
880 3204 971 3265 optima’
988 3206 1053 3265 longe

116 3272 173 3319 Post
189 3273 287 3317 homines
305 3276 369 3316 notos
382 3270 499 3329 gladiator
516 3270 555 3330 qar'
564 3265 617 3328 fait
633 3284 698 3315 anan
717 3270 793 3330 Epod.
814 3271 850 3325 12,
868 3269 890 3315 4.
924 3269 966 3314 lile
982 3268 1055 3328 igitar

115 3337 245 3383 excellebat
254 3335 334 3394 atique
343 3334 368 3379 in
380 3344 507 3379 statueram
517 3348 610 3379 auarum
619 3334 737 3393 capillitia
748 3335 810 3380 baud
820 3335 880 3380 sacili
889 3333 970 3393 capitis
980 3342 1055 3393 parte,

116 3412 142 3447 et
156 3400 274 3459 anguibus
287 3398 460 3459 exprimendis:
477 3407 503 3444 ut
515 3398 602 3444 Plinius
616 3399 655 3453 34,
672 3399 695 3454 8,
712 3400 868 3459 Pythagoram
883 3407 908 3444 et
926 3399 1057 3458 Lysippum

117 3472 213 3527 propter
223 3466 267 3511 boo
281 3465 358 3525 ipsam
375 3464 461 3509 eximie
477 3463 569 3509 laudat:
588 3464 707 3509 sedidem
724 3465 748 3509 in
762 3466 836 3525 mele
852 3466 938 3509 sanna
952 3459 984 3525 (ei
1002 3462 1056 3523 qais

117 3539 191 3578 totam
203 3544 301 3590 operum
316 3531 365 3589 eJae
380 3528 478 3573 formam
492 3528 624 3588 spectaret)
637 3528 719 3574 infelix
735 3536 760 3574 et
775 3528 954 3587 reprehensione
971 3528 1057 3588 dignae

117 3603 175 3643 eret.
209 3594 278 3640 ‘Non
290 3596 345 3640 eatis
357 3594 406 3647 est,’
420 3590 504 3652 inquit,
517 3595 559 3637 ‘at
576 3608 624 3638 ana
640 3594 742 3639 alterave
756 3607 809 3653 pars
824 3593 937 3651 poematia
948 3595 1055 3648 excellat,

117 3661 160 3708 sed
173 3668 222 3706 tota
233 3660 283 3719 eJ'us
297 3658 432 3719 compositio
449 3657 550 3719 perlecta
566 3672 623 3769 {aaz
631 3657 715 3705 debet.¹
724 3654 866 3720 -[nollee]
884 3658 933 3705 ‘ita
949 3667 975 3706 at
991 3673 1058 3719 osque
