2442 4059
367 234 607 316 srrsronlnum
627 269 694 315 ura.
711 272 749 315 11.
763 255 794 315 2.
1013 257 1055 317 90

114 421 274 487 Fluctibus
288 421 321 486 iu
336 421 445 487 mediis
460 437 492 489 et
506 423 740 508 tempestatibus
754 423 838 488 urbis

112 507 217 573 Verba
231 508 307 595 lyrae
323 520 441 572 motura
455 532 564 575 sonum
580 522 763 575 connectere
779 508 913 596 digner?
1012 513 1053 574 85

114 593 222 658 Frater
236 606 303 658 erat
319 593 429 658 Itomae
443 595 574 660 consulti
589 595 703 672 rhetor,
721 607 756 660 ut
768 596 846 661 alter

113 679 253 743 Alterius
267 703 408 744 sermone
425 704 524 746 meros
539 680 660 746 audiret
674 681 815 758 honores,

114 765 274 830 Gracchus
289 779 324 830 nt
338 765 388 831 hic
402 766 447 830 illi
463 769 551 844 foret,
567 766 640 830 huic
656 780 689 831 ut
705 766 832 831 Mucius
848 766 909 834 ille.

114 851 181 926 Qui
197 852 297 916 minus
311 864 437 938 argutos
452 864 545 918 vexat
559 853 643 916 furor
658 852 716 917 iste
730 852 863 938 poetas?

115 937 262 1002 Carmina
277 961 438 1024 compono,
455 938 504 1003 hic
519 938 634 1024 elegos.
681 938 829 1002 Mirabile
845 939 913 1004 visu
1010 946 1052 1005 00

116 1022 331 1109 Caelatumqnc
347 1047 457 1088 norem
476 1024 580 1090 Musis
595 1047 673 1110 opus
687 1023 694 1090 l
741 1024 878 1109 Adspice
894 1025 1039 1112 primum,

115 1108 243 1184 Quanto
258 1133 327 1174 curn
342 1110 433 1187 fastu,
473 1123 566 1176 nauto
580 1110 738 1175 molimine
753 1111 884 1174 circum-

115 1195 139 1258 S
162 1209 298 1260 ectemus
312 1217 440 1260 vacuam
450 1134 607 1260 ltomanis
622 1196 741 1261 vatibus
756 1197 875 1262 aedem!

114 1217 196 1345 idox
211 1281 314 1357 etiam,
331 1282 357 1345 si
371 1283 451 1347 forte
466 1305 564 1359 vacas,
580 1305 722 1368 sequere,
738 1295 771 1347 et
786 1281 891 1368 procul
906 1282 988 1362 audi,

114 1367 201 1442 Quid
215 1368 303 1444 ferat,
321 1381 352 1432 et
367 1373 462 1453 qnare
477 1368 536 1432 sibi
550 1381 655 1455 nectat
670 1379 800 1454 uterque
816 1391 968 1434 coronam.
1012 1374 1053 1434 95

116 1453 283 1530 Caedimur,
300 1466 333 1518 et
347 1454 476 1518 totidem
491 1454 590 1540 plagis
605 1455 813 1519 consumimus
828 1454 958 1532 hostem,

114 1538 219 1604 Lento
237 1540 391 1605 Samnites
404 1540 443 1604 ad
459 1539 576 1604 lumina
591 1540 689 1624 prima
703 1539 816 1604 duello.

114 1623 254 1689 Discedo
271 1625 395 1690 Alcaeus
409 1637 526 1712 puncto
541 1624 643 1689 illius:
667 1624 719 1689 ille
735 1648 805 1690 meo
819 1626 912 1712 quis?

115 1709 199 1786 Quis
213 1711 273 1776 nisi
290 1711 521 1776 Callimachus?
542 1711 567 1774 si
583 1711 653 1798 plns
667 1711 833 1796 adposcere
849 1712 940 1791 risus,

115 1796 168 1861 Fit
185 1795 404 1874 Mimnermus,
420 1810 453 1863 et
466 1796 572 1883 optivo
587 1797 770 1899 cognomine
786 1798 903 1864 crescit
992 1803 1052 1864 100

115 1881 222 1948 Multa
236 1883 311 1960 sero,
330 1897 363 1948 ut
378 1884 496 1969 placem
512 1905 612 1969 genus
626 1883 774 1948 irritabile
788 1898 903 1960 vatum,

114 1967 224 2044 Quum
239 1970 349 2046 scribo,
366 1983 398 2034 et
412 1970 544 2055 supplex
561 1970 667 2056 populi
681 1969 826 2058 suffragia
839 1984 948 2059 capto:

113 2054 214 2131 Idem,
231 2054 326 2120 finitis
340 2056 448 2120 studiis
464 2068 496 2120 et
511 2068 612 2120 mente
628 2059 764 2141 recepta,

114 2140 270 2206 Obturem
286 2141 405 2228 patulas
420 2142 547 2228 impune
562 2142 739 2228 legentibus
753 2165 851 2208 aures.

114 2225 273 2292 Ridentur
288 2227 368 2291 mala
382 2227 435 2313 qui
451 2239 641 2314 componunt
654 2227 804 2293 carmina:
829 2251 935 2292 verum
992 2233 1053 2293 105

114 2312 267 2378 Gaudent
279 2314 458 2392 scribentes,
474 2327 554 2378 etse
568 2327 764 2390 venerantur,
781 2328 814 2378 et
827 2313 917 2391 ultro,

114 2399 151 2463 Si
167 2411 279 2475 taceas,
296 2398 422 2465 laudant
437 2399 587 2486 quidquid
603 2400 752 2484 scripsere
768 2399 859 2464 beati.

113 2486 162 2549 At
177 2485 231 2570 qui
247 2484 421 2570 legitimum
435 2486 541 2572 cupiet
554 2485 664 2550 fecisse
680 2507 798 2570 poema,

115 2570 199 2635 Cum
216 2571 327 2635 tabulis
342 2573 479 2636 animum
493 2571 628 2636 censoris
642 2583 743 2636 sumet
757 2570 895 2647 honesti3

114 2656 266 2734 Audebit,
283 2681 477 2744 quascunque
492 2680 600 2744 parurn
616 2657 787 2743 splendoris
801 2656 967 2735 habebunt,
994 2663 1054 2725 110

113 2741 160 2807 Et
175 2742 243 2807 sine
258 2743 395 2829 pondere
411 2757 511 2821 erunt,
529 2743 691 2808 ethonore
706 2743 834 2830 indigna
847 2743 997 2828 ferentur,

113 2828 223 2893 Verba
238 2852 361 2894 movere
377 2831 454 2908 loco,
470 2829 610 2915 quamvis
624 2829 722 2894 invita
735 2828 890 2906 recedant,

115 2913 161 2979 Et
176 2928 339 2981 versentur
352 2916 453 2981 adhuc
467 2915 547 2979 intra
561 2915 730 2999 penetralia
745 2914 860 2980 Vestae

114 3000 292 3068 Obscurata
306 3001 359 3067 diu
374 3001 488 3088 populo
503 3000 601 3065 bonus
617 3012 714 3077 eruet,
728 3013 822 3087 atque

115 3086 262 3152 Proferet
276 3088 307 3152 in
323 3087 426 3154 lucem
439 3087 576 3174 speciosa
590 3086 738 3152 vocabula
753 3109 864 3165 rerum,
995 3090 1056 3151 115

115 3172 211 3250 Quae,
227 3173 335 3260 priscis
351 3187 518 3239 memorata
533 3172 705 3237 Catonibus
718 3185 812 3259 atque
829 3171 989 3260 Cethegis,

115 3259 214 3324 Nunc
228 3261 305 3325 situs
320 3260 457 3325 informis
471 3259 586 3345 premit
599 3270 632 3324 et
646 3259 766 3324 deserta
780 3272 932 3325 vetustas:

115 3346 282 3411 Adsciscet
295 3369 471 3432 nova„quae
485 3345 608 3431 genitor
621 3345 802 3430 produxerit
818 3367 897 3410 usus.

117 3431 299 3498 Vehemens
315 3445 347 3497 et
360 3432 495 3518 liquidus
510 3453 650 3518 puroque
665 3431 837 3496 simillimus
851 3428 934 3494 amni

116 3517 247 3583 Fundet
261 3540 346 3605 opes,
363 3517 550 3602 Latiumque
566 3518 671 3582 beabit
684 3517 778 3582 divite
794 3515 910 3601 lingua.
997 3519 1057 3579 120
1159 3577 1166 3590 ,

117 3603 328 3670 Luxuriantia
342 3619 526 3691 compescet,
542 3603 634 3667 nimis
648 3624 756 3689 aspera
769 3622 843 3666 sano
