2442 4059
393 289 557 335 urrsrons
579 290 625 333 un
646 288 801 334 ersosus.
1009 273 1069 334 107
1137 281 1144 296 '

167 443 200 509 0
216 445 313 530 major
322 444 487 530 juvenum,
503 442 645 528 quumvis
659 453 692 506 et
707 463 782 505 voce
797 440 926 527 paternii

124 529 272 618 Fingeris
284 531 322 594 ad
339 543 456 595 rectum
472 542 504 593 et
520 550 575 615 per
591 544 622 593 te
636 529 728 614 sapis,
745 529 804 591 hoc
820 529 875 592 tibi
890 528 1008 592 dietum

122 615 217 682 Tolle
232 640 360 692 memor,
376 618 469 680 certis
482 616 620 679 medium
635 627 668 679 et
682 615 843 680 tolerabile
857 614 951 680 rebus

123 701 226 768 Recte'
240 703 385 769 concedi:
410 703 568 767 consultus
578 702 660 787 juris
672 714 707 765 et
720 714 806 766 actor

121 791 295 854 Causarum
312 789 474 854 mediocris
487 789 576 852 abest
591 789 705 853 virtute
719 787 828 851 diserti
1003 792 1068 853 370

122 873 280 953 Messalae,
297 899 355 940 nec
369 875 427 940 scit
441 887 592 959 quantum
610 871 780 938 Cascellius
796 873 917 951 Aulus3

121 962 186 1027 Sed
203 976 305 1026 tamen
321 963 353 1025 in
370 961 470 1047 pretio
484 975 548 1024 est:
573 960 779 1024 mediocribus
793 982 860 1023 esse
875 961 976 1045 poetis

121 1046 196 1112 Non
213 1049 362 1125 homines,
380 1069 442 1111 non
457 1046 500 1124 dl,
517 1069 578 1110 non
595 1067 775 1111 concessere
790 1047 952 1112 columnae.

121 1132 170 1200 Ut
183 1149 288 1222 gratas
303 1135 383 1198 inter
398 1155 519 1197 mensas
533 1132 719 1219 symphonia
733 1132 860 1213 discors,

121 1218 164 1284 Et
187 1244 321 1286 crassum
348 1233 554 1307 unguentum,
578 1233 614 1283 et
639 1219 738 1283 Sardo
761 1241 832 1281 cum
855 1219 948 1282 melle
971 1240 1067 1304 papa·

205 1330 260 1371 ver
1003 1309 1067 1368 375

119 1389 305 1470 Offendunt,
322 1404 444 1478 poteret
457 1391 529 1455 duci
544 1391 620 1476 quia
634 1413 723 1454 coena
735 1389 804 1454 sine
819 1390 904 1454 istis:

119 1479 173 1542 Sic
187 1480 300 1543 animis
315 1493 421 1544 nutum
437 1478 663 1562 inventumque
677 1499 789 1562 poema
798 1476 958 1561 juvandis,

120 1563 155 1627 Si
171 1566 310 1649 paullum
325 1588 345 1629 a
358 1585 479 1628 summo
494 1563 638 1638 decessit,
654 1563 757 1648 vergit
770 1566 808 1625 ad
825 1562 932 1626 imum.

120 1649 246 1716 Ludere
261 1652 316 1737 qui
331 1651 440 1726 nescit,
457 1649 681 1734 campestribus
695 1648 831 1712 abstinet
844 1650 947 1727 ermis,

118 1734 330 1823 indoctusque
346 1737 417 1823 pilte
432 1736 548 1799 discive
564 1735 702 1799 trochive
716 1735 859 1819 quiescit,
1000 1740 1065 1800 3⁴³⁰

117 1821 169 1886 Ne
184 1823 291 1909 spissae
306 1824 401 1888 risum
417 1821 527 1886 tollant
541 1822 671 1906 impune
684 1841 824 1885 corone:

115 1907 184 1984 Qui
200 1911 309 1987 nescit,
326 1931 432 1973 versus
448 1923 552 1973 tamen
567 1908 662 1972 audet
677 1908 807 1993 lingere.
853 1905 1002 1982 Quidni?

117 1993 216 2060 Liber
231 2009 263 2061 et
278 1997 443 2084 ingenuus,
459 1995 630 2080 praesertim
646 2017 757 2058 census
772 2008 949 2079 equestrem

114 2081 278 2146 Summum
294 2103 500 2157 nummorum,
518 2080 657 2166 vitioque
671 2093 808 2144 remotus
823 2081 863 2146 ab
878 2079 973 2144 omni.

114 2167 168 2231 Tu
184 2169 263 2232 nihil
278 2167 377 2232 invitfi
393 2167 478 2231 dices
493 2167 627 2231 faciesve
644 2166 813 2242 Minerviu3
998 2170 1063 2230 387

114 2252 152 2317 ld
169 2254 227 2318 tihi
237 2255 392 2341 judicium
408 2265 465 2329 est,
481 2273 519 2316 ea
533 2276 631 2317 mens.
664 2253 699 2316 Si
715 2253 790 2337 quid
806 2266 909 2315 tamen
925 2251 1000 2314 olim

113 2340 294 2426 Scripseris,
311 2341 344 2404 in
363 2339 458 2403 Maeci
472 2339 642 2403 descendat
651 2339 767 2424 judicis
781 2359 882 2413 aures,

113 2425 158 2490 Et
171 2427 278 2512 patris,
295 2439 328 2491 ct
343 2439 471 2502 nostras,
488 2447 670 2509 nonumque
684 2437 842 2510 prematur
855 2422 889 2486 in
904 2445 1031 2501 aunum,
1129 2489 1136 2498 ,

114 2511 310 2576 Membranis
325 2512 408 2576 intus
423 2511 547 2596 positis:
572 2513 678 2574 delere
694 2510 811 2586 licebit,

111 2596 208 2671 Quod
224 2621 286 2662 non
302 2597 453 2673 edideris;
478 2596 578 2662 nescit
593 2619 654 2660 vox
668 2597 761 2660 missa
775 2595 899 2660 reverti.
995 2601 1060 2660 390

157 2683 324 2749 Silvestres
338 2684 479 2748 homines
493 2705 580 2748 sacer
594 2681 811 2768 interpresque
827 2681 971 2745 Deorum

32 2849 35 2858 Ι
110 2767 261 2834 Caedibus
277 2783 309 2835 et
324 2771 408 2835 victu
423 2770 507 2833 foedo
521 2769 674 2832 deterruit
689 2767 854 2853 Orphens;

110 2854 228 2920 Dictus
242 2856 282 2921 ob
299 2855 357 2920 hoc
372 2855 470 2919 lenire
486 2855 508 2919 ti
535 2877 593 2930 res,
610 2854 796 2938 rabidosque
811 2853 927 2918 leones.

110 2941 228 3006 Dictus
240 2955 276 3007 et
292 2942 462 3028 Amphion,
480 2877 643 3004 Thebunte
657 2939 799 3004 conditor
814 2939 901 3015 ercis,

110 3028 197 3092 Saxa
213 3050 337 3092 movere
352 3050 429 3092 sono
445 3025 618 3102 testudinis,
633 3039 668 3090 et
681 3047 773 3111 prece
789 3026 901 3090 stands
996 3029 1060 3090 395

109 3113 239 3178 Ducere
255 3137 318 3200 quo
333 3114 437 3178 vellet
484 3111 559 3176 Fuit
573 3111 640 3176 haec
650 3112 805 3197 supientia
819 3111 986 3198 quondam,

110 3200 245 3264 Publica
259 3201 386 3285 privatis
401 3198 574 3276 secernere,
590 3219 677 3262 sacra
689 3198 837 3282 profanis,

107 3283 292 3350 Concubitu
308 3286 472 3372 prohibere
487 3307 577 3371 vago,
594 3284 668 3348 dare
677 3284 752 3369 jura
765 3283 891 3360 maritis,

107 3370 240 3457 Oppida
254 3373 366 3446 moliri,
383 3372 470 3459 leges
484 3371 622 3436 incidere
637 3369 743 3456 ligno:

109 3457 166 3521 Sic
181 3457 280 3522 honor
296 3472 330 3524 et
343 3479 456 3522 nomeu
473 3457 585 3522 divinis
600 3458 722 3521 vatibus
735 3467 831 3542 atque
994 3459 1057 3520 40⁰
1082 3491 1086 3496 »

106 3543 314 3609 Carminibus
330 3543 426 3608 venit.
473 3543 548 3608 Post
563 3542 619 3606 hos
633 3542 765 3628 insignis
783 3541 948 3615 Homerus,

106 3629 325 3717 Tyrtaeusque
341 3651 441 3696 mares
453 3629 620 3774 animosip
639 3625 757 3692 Martia
771 3625 852 3691 bella

553 3733 572 3777 r
