2442 4059
167 248 210 308 72
420 259 663 305 arrsronsuurr
683 259 751 303 ura.
767 261 790 303 1.
808 244 858 304 15.

168 412 429 498 Quandocunqne
444 411 571 477 trabunt
584 410 685 475 invisa
697 409 825 496 negotia
840 412 984 477 Romam.

168 500 273 578 Nunc,
288 521 359 585 age,
376 498 451 584 qnid
465 510 604 561 nostrum
619 511 805 560 concentum
819 496 946 575 dividat,
960 497 1045 562 andi.

168 586 274 662 Quem
289 596 399 649 tenues
413 585 546 647 decuere
560 597 643 669 togm
657 582 811 667 nitidique
824 584 938 670 capilli,
1213 615 1214 618 ¹

167 672 273 748 Quem
288 668 428 734 bibulum
442 669 554 755 liquidi
567 668 670 733 medin
684 668 724 733 de
737 667 807 731 luce
822 668 958 745 Falerni,
1067 672 1110 731 20

168 758 269 823 Coena
282 755 385 821 brevis
394 756 495 841 jurat,
513 768 546 820 et
566 777 666 841 prope
680 755 780 818 rivum
795 778 922 820 somnus
936 756 969 819 in
983 754 1082 820 berbi

167 843 237 908 Nec
251 843 359 907 lusisse
374 841 480 927 pudet,
496 841 551 905 sed
565 864 629 905 non
642 840 779 904 incidere
793 840 911 905 ludum.

167 929 240 995 Non
255 928 326 994 istic
339 927 466 1013 obliquo
479 927 569 992 oculo
584 949 655 991 mea
667 927 828 991 commoda
841 928 1007 1012 quisquam

166 1014 289 1090 Limat;
312 1037 374 1077 non
389 1014 461 1078 odio
476 1013 606 1077 obscuro
620 1034 786 1097 morsuque
800 1026 954 1078 venenat:

167 1100 287 1167 Rident
301 1099 394 1164 vicini
407 1098 515 1185 glebas
530 1110 562 1163 et
575 1121 651 1163 saxa
664 1111 850 1162 moventem.
892 1146 897 1155 1
1064 1102 1108 1161 25

167 1187 250 1251 Cum
264 1186 360 1251 servis
376 1186 493 1249 urbana
506 1184 603 1249 diaria
615 1183 727 1248 rodere
742 1184 862 1248 mavis?

166 1272 289 1337 Horum
305 1271 387 1338 tuin
403 1294 567 1334 numerum
582 1282 655 1335 voto
668 1270 742 1334 ruis.
786 1269 912 1335 Invidet
925 1291 1017 1334 nsum

164 1358 338 1445 Lignorum
354 1368 387 1422 et
400 1357 520 1443 pecoris
535 1357 592 1421 tibi
605 1356 673 1421 calo
685 1367 815 1443 argutus
829 1368 863 1421 et
876 1356 966 1421 horti.

165 1443 266 1529 Optat
279 1442 427 1531 ephippia
441 1442 496 1507 bos
510 1443 622 1529 piger;
643 1453 731 1527 optat
743 1465 830 1507 arare
844 1442 990 1507 caballus.

165 1530 268 1605 Quam
283 1530 341 1596 scit
356 1544 497 1615 uterque,
514 1528 614 1593 libens
628 1528 761 1593 censebo
775 1542 918 1593 exerceat
931 1540 1040 1594 artem.
1062 1530 1106 1591 30

282 1992 445 2036 EPISTOLA
467 1992 611 2035 xva-AD
635 1991 834 2036 NUMONIUM
856 1993 981 2035 vatam.

162 2136 245 2212 Quae
258 2132 299 2199 sit
313 2133 412 2197 biems
427 2131 537 2209 Veliae,
554 2130 638 2217 quod
651 2131 774 2208 coelum,
790 2133 879 2210 Vala,
896 2132 1029 2211 Salerni,

162 2222 305 2371 Quorlqm
329 2218 490 2284 hominum
516 2218 614 2305 regio,
638 2230 671 2281 et
695 2218 795 2304 qualis
819 2221 1001 2285 via—nam
1025 2219 1103 2284 mibi

276 2328 339 2371 aras

161 2394 257 2459 Musa
271 2413 476 2478 supervacuas
492 2389 658 2469 Antonius,
674 2403 707 2457 et
721 2404 825 2459 tamen
840 2391 900 2456 illis

161 2480 221 2545 Me
236 2479 309 2543 facit
324 2478 466 2553 invisum,
482 2475 587 2563 gelidi
602 2501 698 2562 quum
713 2480 837 2566 perluor
852 2477 934 2543 undri

161 2566 226 2630 Per
239 2562 377 2628 medium
391 2562 499 2648 frigus.
545 2562 629 2627 Sane
644 2578 778 2630 murteta
791 2564 935 2650 relinqui,
1080 2568 1101 2627 5

160 2651 320 2735 Dictaque
335 2661 504 2712 cessantem
521 2650 624 2713 nervis
639 2650 755 2715 elidere
768 2649 911 2714 morbum

162 2737 289 2802 Sullura
302 2734 460 2799 contemni
475 2732 559 2797 vicus
573 2736 682 2819 gemit,
699 2737 822 2801 invidus
902 2736 911 2752 ‘

161 2822 227 2899 Qui
242 2834 335 2923 caput
349 2833 381 2885 et
395 2818 583 2884 stomachum
599 2842 774 2908 supponere
788 2758 1055 2887 tonbidi'audent

162 2908 309 2984 Clusims,
327 2906 508 2992 Gabiosque
523 2918 643 2990 petunt,
660 2920 693 2973 et
704 2908 819 2997 frigida
831 2930 912 2972 rura.

158 2993 335 3061 Mutandus
350 2992 435 3057 locus
450 3005 506 3068 est,
523 3004 555 3057 et
569 2991 745 3060 deversoria
758 3006 833 3058 nota
1061 2998 1101 3058 lo

162 3078 420 3165 Praeteragendus
435 3099 553 3164 equus:
580 3080 647 3151 Quo
661 3079 785 3144 tendis?
804 3102 863 3143 non
877 3081 953 3143 milti
969 3081 1081 3145 Cumas

159 3170 222 3235 Est
235 3171 302 3242 iter,
318 3175 373 3229 aut
386 3166 495 3239 Boios,
511 3164 588 3228 laevs
603 3166 812 3231 stomachosus
827 3164 947 3229 habend

160 3254 259 3319 Dicet
273 3272 386 3337 eques:
409 3249 464 3314 sed
479 3249 553 3334 equi
567 3251 688 3317 frenato
702 3265 750 3318 est
762 3250 845 3316 auris
859 3251 892 3314 in
907 3274 1016 3316 ore.—

139 3392 145 3403 .
160 3339 268 3405 Ma'or
283 3350 385 3402 utrum
399 3335 548 3421 populum
562 3336 709 3401 frumenti
725 3338 814 3423 copia
826 3351 932 3423 pascat
940 3361 950 3414 3

162 3363 357 3491 Colleetosnc
373 3422 481 3487 bibant
494 3419 618 3498 imbres,
633 3436 783 3509 puteosne
797 3444 951 3510 perennes
1061 3428 1100 3487 tt

159 3510 252 3598 tugis
266 3532 373 3596 aqum:
397 3530 467 3572 nam
483 3506 555 3570 vina
569 3506 647 3571 nihil
661 3532 762 3573 moror
775 3509 859 3572 illius
873 3530 945 3573 oroe.

161 3596 249 3663 Rure
264 3618 334 3661 meo
348 3616 472 3683 possum
488 3591 609 3678 quidvis
624 3595 759 3680 perferre
774 3594 918 3681 patique3
