2442 4059
21 2874 32 2901 ἢ

111 312 164 349 nn.
176 312 204 347 ιι.
219 297 253 362 1.]
450 299 732 348 turnacensium.
991 300 1056 365 253

111 450 199 498 lacerat
215 450 286 498 etiam
302 450 402 511 probos!
437 451 559 497 Gruentarn
576 457 654 497 autem
673 450 731 497 dicit
746 452 835 498 danim
852 466 931 497 morsu
951 466 1059 499 cruorem

111 516 253 562 elicientem.
272 517 319 561 Sat.
331 517 354 571 2,
368 515 388 571 l,
401 515 439 563 82.
449 541 481 551 -
489 511 624 576 [Describi]
640 524 667 561 ut
678 517 725 562 Sat.
739 516 760 571 1,
770 517 795 570 4,
805 516 829 571 3,
841 517 941 571 ‘notari
960 532 1058 578 χαρακ-

112 578 273 642 replicabas!
283 605 315 613 -
326 577 424 641 [vertere
435 576 534 641 modum]
553 586 559 605 ‘
571 580 636 641 Tbey
647 582 749 641 cbanged
765 583 824 627 tbsir
839 588 893 628 tune
909 597 935 628 ar
951 582 1017 628 note?
1026 606 1059 617 -

113 644 243 707 [Poenaque
266 641 330 706 lata]
351 644 461 691 facillimo
479 654 602 703 zeugmate
619 659 669 704 pro,
687 645 740 691 ‘lex
758 646 805 690 lata
822 660 936 705 poenaque
957 643 1060 704 irrogata

111 706 314 771 eust—[lastis]
333 710 413 760 Quum
433 718 491 755 teste
503 709 616 755 Cicerone
632 709 661 755 de
678 705 737 769 Rep.
749 710 772 764 4,
787 710 825 765 lll,
844 712 919 770 capite
937 711 1071 757 sanxerint

113 785 163 820 xit.
175 776 269 830 tabulas,
280 776 301 819 si
312 777 363 835 qssis
373 776 540 830 occentavisset,
548 775 577 819 de
588 774 703 834 supplicio
714 774 827 820 fustuario
840 774 945 836 (beating
957 782 980 822 to
990 777 1059 821 deatls

114 840 144 899 by
155 839 269 899 sudaria),
279 852 326 884 non
341 840 370 884 de
387 838 486 898 simplici
504 838 656 898 castigatione
673 838 781 894 lusibus,
797 854 815 886 s.
832 842 919 886 baculis
937 850 961 887 et
972 840 1059 886 vitibus

111 903 175 949 iacti
186 904 347 962 accipiendum
360 914 402 951 est.

148 967 203 1023 loo,
220 967 272 1023 157.
292 965 398 1029 [Gracia
415 965 495 1028 capta]
515 966 582 1013 oua
604 967 667 1013 Fast.
684 968 708 1025 3,
730 968 783 1023 101,
802 968 909 1015 Nondum
929 970 1060 1015 tradiderat

112 1035 206 1079 oictas
221 1034 373 1079 uictoribus
388 1040 450 1079 artes
467 1031 565 1089 Gracia,
576 1028 712 1091 jamnaeus,
729 1035 771 1079 sed
788 1035 846 1079 mab
857 1030 921 1093 sorte
937 1049 1016 1093 genas.
1027 1056 1060 1067 -

114 1094 200 1158 [cepit]
221 1096 370 1157 Capitalis,
388 1096 519 1155 quivincit,
536 1104 559 1141 et
575 1097 603 1152 ia,
625 1096 666 1155 qui
685 1098 791 1143 delectet.
826 1098 877 1143 Hoc
894 1097 967 1157 igitur
986 1098 1058 1144 dicits

112 1162 199 1208 ‘Artes
211 1171 234 1207 et
245 1162 375 1221 disciplinas
387 1163 521 1208 Graecorum
532 1162 646 1207 Romanis
656 1161 727 1207 etlam
739 1172 794 1208 tunc
805 1164 934 1223 agrestibus
946 1161 1059 1221 (rudiori-

113 1224 168 1287 bus)
183 1227 241 1273 adeo
252 1227 397 1286 placuerunt,
414 1234 447 1281 ut,
464 1234 582 1284 tamquam
594 1225 613 1271 si
625 1226 670 1286 ipsi
681 1226 766 1272 devicti
776 1236 854 1272 essent
865 1241 879 1271 a
891 1226 987 1279 Gracia,
1003 1240 1059 1286 pro·

113 1291 191 1351 priam
209 1291 311 1337 indolem
329 1292 359 1336 ad
376 1290 419 1336 hos
438 1289 624 1337 conformarent!
658 1291 717 1336 Cato
735 1293 798 1350 apud
811 1291 860 1337 Lis.
875 1290 916 1345 34,
930 1291 953 1344 4,
964 1289 1017 1351 jam
1034 1294 1060 1337 ιἰι

116 1356 232 1403 Graeaiam
246 1357 371 1417 Asiamque
386 1356 565 1401 transcendimus
579 1356 681 1401 manibus
697 1358 816 1402 libidinum
834 1357 947 1402 illecebris
961 1358 1060 1415 reptatas
1089 1354 1091 1359 ’

114 1427 136 1467 et
148 1422 227 1481 regias
236 1422 305 1467 eliam
316 1426 463 1467 attrectamus
471 1434 560 1481 ganas.-
577 1435 602 1466 eo
610 1421 665 1479 plus
674 1423 760 1477 borceo,
775 1437 803 1467 ne
817 1421 864 1466 ille
879 1423 952 1481 magis
965 1435 1003 1467 rer
1013 1435 1061 1466 nor

113 1486 247 1544 ceperint
263 1500 344 1544 qaam
360 1500 406 1530 nos
422 1485 496 1530 illas.
778 1528 783 1541 Ι

148 1548 284 1596 158460.
302 1545 429 1610 [Destueit]
449 1548 586 1594 ‘Paullatim
599 1547 678 1593 Latini
693 1563 721 1594 eo
732 1548 767 1593 uti
780 1547 954 1595 desierunt’-
964 1546 1060 1609 [Satur-

114 1608 181 1675 nius]
202 1614 353 1659 Hermannus
372 1614 436 1674 Epis.
457 1613 534 1659 Doctr.
554 1613 623 1660 Metr.
641 1627 665 1672 p.
685 1613 740 1668 214,
760 1614 891 1658 ‘Numeros
913 1614 984 1660 habet
1000 1613 1059 1660 boer

114 1678 214 1725 Dabunt
227 1680 311 1725 malum
326 1679 416 1725 Metelli
428 1678 507 1724 Nauio
523 1685 602 1738 poete.
628 1677 749 1738 (Naeviuss
766 1678 852 1724 Novem
862 1679 926 1725 louis
942 1679 1061 1726 concordes

108 1743 168 1803 ,lille
179 1740 285 1802 sorores.)
320 1743 365 1789 Sed
382 1751 406 1788 et
422 1756 533 1789 cesurarn
551 1756 613 1802 sepe
631 1742 786 1801 neglexerunt
804 1743 873 1789 rudes
888 1743 926 1789 isti
941 1753 1023 1803 poete,
1036 1753 1061 1789 et

114 1806 180 1854 omni
195 1820 282 1867 genere
299 1808 440 1853 solutionum
459 1807 495 1855 usi
513 1806 756 1852 sunt—Postremus
774 1808 941 1861 Romanorum,
957 1808 999 1868 qui
1016 1807 1061 1854 boe

114 1880 192 1918 metro
204 1881 315 1926 uteretur,
328 1872 401 1918 Varro
412 1871 483 1917 fuisse
496 1870 587 1917 videtur
598 1870 623 1916 in
635 1871 733 1917 Satiria’
767 1872 855 1917 Contra
868 1886 944 1932 nuper
954 1874 1061 1919 Diintaer

115 1945 139 1983 et
157 1936 244 1983 Lersch
261 1932 301 1999 (de
315 1936 394 1990 Versu,
411 1951 475 1997 quem
491 1942 578 1990 munt,
596 1936 711 1991 Saturnio,
730 1936 819 1982 Bonnoe
838 1936 920 1997 loon)
937 1939 1061 1983 ostendere
1084 1965 1086 1969 ι

115 2001 194 2049 conati
212 2010 274 2055 sunt,
291 2001 476 2055 ‘Saturniorum
493 2014 551 2059 quos
563 2010 654 2054 vocant,
666 2014 775 2046 versuum
786 2011 872 2047 certam
889 2003 986 2048 sormam
998 2016 1060 2047 nun·

115 2080 189 2126 quam
207 2064 333 2119 exstitisse,
351 2064 421 2125 idque
441 2064 517 2125 ipsum
540 2078 569 2109 ex
588 2074 693 2111 veterum
713 2067 917 2124 grammaticorum
939 2066 1061 2125 preceptis

115 2129 242 2177 manifesto
258 2144 377 2189 apparere.
411 2130 494 2189 itaque
512 2130 535 2175 h.
552 2130 569 2176 l.
586 2144 607 2175 v.
625 2144 740 2177 numerum
758 2144 804 2175 non
823 2131 954 2189 significare
971 2139 1061 2176 certum

115 2203 228 2251 metrum,
235 2196 275 2241 sed
287 2203 377 2240 motum
388 2204 413 2241 et
422 2195 518 2240 modum
527 2193 629 2253 aliquem
640 2195 782 2253 syllabarum
793 2196 858 2241 certi
869 2195 918 2253 lege
927 2195 1061 2241 carentem’

115 2256 245 2321 -[oirns]
263 2259 401 2319 plerumque
416 2273 497 2305 succus
514 2258 599 2305 noxius
616 2272 644 2304 ac
654 2267 790 2314 venenatus,
808 2268 858 2304 turn
871 2268 895 2305 et
908 2258 985 2305 loedus
995 2259 1061 2316 odor,

116 2334 144 2371 ut
160 2324 267 2379 castorei,
280 2324 344 2383 virg.
357 2326 401 2369 Ge.
416 2323 436 2379 1,
448 2323 488 2379 bli,
505 2332 529 2369 et
545 2323 651 2381 ingratus
667 2336 743 2382 sapor,
760 2333 786 2368 ut
802 2338 870 2383 equa
887 2326 991 2379 marina,
1009 2336 1061 2382 qum

116 2387 184 2435 notio
195 2388 219 2433 h.
230 2389 246 2435 1.
257 2388 333 2448 aptior
345 2389 435 2435 videtur
447 2402 517 2447 quam
528 2396 570 2433 aut
580 2388 644 2433 virus
659 2387 812 2446 serpentium,
827 2395 868 2433 aut
882 2388 959 2433 sanies
976 2401 1062 2434 canum

115 2453 262 2499 rabiosorum
274 2462 313 2499 aut
325 2456 388 2499 uirus
398 2454 537 2499 acerbitatis.
556 2451 616 2511 (Cic.
628 2452 684 2497 Lael.
694 2449 744 2510 23.)
763 2453 816 2497 Non
828 2453 891 2497 enim
903 2460 950 2498 tam
962 2452 1062 2499 refertur

116 2519 148 2564 ad
166 2517 256 2563 famosa
266 2516 370 2565 carmina
380 2525 404 2563 et
414 2517 502 2563 rabiem
515 2516 547 2577 (v.
561 2516 618 2574 lto)
630 2531 701 2576 quam
712 2517 742 2561 ad
752 2525 823 2562 totam
838 2517 940 2563 indolem
952 2517 1062 2563 rusticam

116 2591 190 2641 atque
200 2581 313 2629 incultam
324 2582 405 2642 priscas
415 2580 491 2641 poesis
500 2581 596 2634 Latine,
607 2596 636 2627 ex
644 2581 733 2641 judicio
742 2583 824 2627 saltem
835 2578 1061 2642 Horatii-[Mun-

116 2643 198 2709 ditias]
215 2646 300 2706 partim
311 2654 386 2693 metra
397 2647 486 2702 Graeca,
502 2646 588 2705 partim
600 2647 684 2692 cultior
694 2654 718 2691 et
729 2646 808 2705 purior
819 2661 903 2701 sermo,
915 2647 978 2694 idem
990 2661 1062 2707 prope

116 2721 190 2771 atque
202 2713 323 2773 elegantia,
335 2712 437 2771 quicum
444 2711 553 2771 jungitur
563 2712 677 2757 munditia
687 2725 701 2755 a
713 2712 761 2756 Cic.
773 2711 797 2756 in
809 2712 873 2757 Orat.
885 2712 924 2758 22.
932 2736 963 2746 -
972 2709 1062 2773 [iada-

134 2773 176 2838 ue]
194 2776 313 2836 Praecipue
325 2776 349 2821 in
361 2776 502 2822 carminibus
515 2774 666 2821 Fescenninis
680 2784 705 2821 et
723 2776 747 2820 in
761 2774 839 2821 mimis
854 2777 1020 2837 Atellanisque.
1032 2800 1060 2812 -

134 2838 209 2902 ruris]
227 2840 398 2891 ‘rusticitatis.’,
418 2841 502 2886 Catuli.
514 2840 553 2895 22,
567 2839 604 2897 14,
617 2840 646 2887 de
658 2840 769 2886 Suffenas
785 2841 850 2887 Idem
862 2834 961 2901 infaceto
977 2848 1011 2889 est
1025 2844 1062 2889 in·

128 2908 215 2953 aeetiar
225 2921 287 2964 rure,
297 2906 366 2951 simul
374 2912 478 2965 poemata
488 2906 576 2964 attigit.

154 2968 287 3017 lot-loa.
306 2966 400 3032 [Serus]
419 2969 531 3015 ‘Etenim
545 2968 610 3028 prius
626 2969 709 3016 litteris
720 2968 808 3015 Gracia
825 2984 871 3016 non
887 2970 1001 3025 initiatus,
1019 2970 1061 3016 de·

117 3048 185 3081 mum
200 3043 251 3093 post
268 3034 369 3094 primum
386 3044 410 3079 et
427 3034 555 3079 secundum
567 3034 682 3079 Punicum
699 3035 794 3088 bellum,
813 3049 886 3094 quum
902 3035 980 3080 omnia
997 3043 1062 3080 tran·

118 3099 194 3159 quilla
205 3108 289 3152 essent,
302 3100 422 3143 Romanus
432 3106 527 3143 sautum
545 3112 613 3143 suurn
630 3098 751 3155 ingenium
769 3100 798 3144 ad
814 3100 944 3146 accuratius
959 3098 1063 3145 studium

117 3163 249 3222 ecitamque
259 3161 413 3207 imitationem
426 3169 547 3222 poetarum
561 3162 697 3207 Greeorum
708 3164 836 3209 convertit!
863 3164 958 3210 Porcius
968 3162 1063 3210 Licinus

117 3226 842 3353 illiti·iili‘ttl‘ttt‘tllttt't‘t
851 3228 1024 3352 ‘illiti
1038 3244 1064 3276 '⁶

118 3371 174 3403 cum
187 3370 221 3402 vv.
230 3362 282 3416 pust
294 3357 382 3402 Punica
392 3307 460 3411 oilla,
470 3368 517 3401 non
529 3360 582 3401 cum
594 3370 615 3402 v.
627 3307 776 3418 quierersn-
785 3308 949 3419 [plile'ipisfh.
961 3325 977 3403 i.
989 3307 1064 3403 hoii}

118 3421 152 3467 ris
164 3422 234 3466 causi
246 3422 387 3475 nominatur,
405 3428 485 3480 utpote
496 3435 565 3480 quem
577 3435 619 3480 pro
637 3421 756 3479 tragmdise
774 3421 894 3466 inventore
906 3418 1012 3481 (Olymp.
1024 3421 1064 3477 ol,

119 3500 142 3533 a.
154 3484 211 3531 Chr.
222 3484 290 3545 ooo)
302 3486 416 3533 haberent
430 3484 589 3543 grammaticis
607 3499 653 3532 non
666 3488 731 3545 quod
746 3487 796 3545 ejus
814 3486 904 3531 fabulas
920 3485 1005 3531 imitati
1016 3485 1064 3531 sint

121 3548 205 3597 Livius
216 3548 364 3596 Andronicus
376 3549 561 3609 posterioresque
572 3549 654 3608 tragici
667 3550 752 3596 Latini.

154 3613 289 3663 164-166.
307 3610 442 3675 [Teutanis]
460 3614 609 3661 ‘Periculum
625 3614 689 3673 iecit,
704 3614 807 3661 incertus
823 3613 894 3661 etiam
911 3621 967 3661 tunc
985 3624 1064 3662 utrum
