2442 4059
387 294 586 339 sarrasauru
607 294 675 340 ma.
691 296 728 341 n.
744 282 774 341 5.
1006 282 1049 342 43

115 442 238 531 Magna
253 446 388 510 minorve
403 446 468 511 foro
482 447 508 511 si
522 470 571 511 res
585 447 751 513 certabitur
764 448 847 526 olim,

115 529 211 595 Vivet
226 543 294 595 uter
309 532 444 618 locuples
458 533 524 597 sine
539 535 649 619 gnatis,
666 536 832 621 improbus,
848 535 929 600 ultro

115 614 180 690 Qui
196 618 354 681 meliorem
369 619 467 684 audax
483 634 572 684 vocet
586 620 619 683 iu
628 622 692 707 jus,
707 622 790 686 illius
805 636 870 687 esto

113 701 288 767 Defensor:
310 705 390 769 fama
406 705 504 769 civem
520 707 673 792 causisque
689 707 820 793 priorem
1005 711 1047 771 30

114 788 246 871 Sperne,
263 790 345 853 dorni
360 792 386 855 si
399 805 511 878 gnatus
525 793 585 857 erit
599 793 768 858 fecundave
782 795 905 879 conjux.

114 872 245 948 Quinte,
262 888 344 960 puta,
362 892 415 941 aut
432 878 522 942 Publi
541 880 692 965 (gaudent
707 880 893 965 praenomine
907 878 1014 944 molles

114 961 299 1043 Auriculae),
316 964 372 1027 tibi
388 987 436 1028 me
450 965 546 1029 virtus
562 978 615 1030 tua
628 966 701 1030 fecit
714 966 865 1029 amicum:

112 1045 171 1109 lus
184 1069 299 1134 anceps
313 1051 396 1127 novi,
412 1072 516 1115 causas
530 1051 695 1115 defendere
710 1073 854 1137 possum:

115 1130 238 1218 Eripiet
253 1135 353 1220 quivis
366 1136 469 1200 oculos
485 1137 573 1202 citius
589 1137 673 1215 mihi,
689 1160 782 1223 quam
796 1149 828 1201 te
1006 1140 1049 1201 35

115 1216 337 1307 Contemptum
353 1223 438 1287 cassia
453 1246 530 1286 nuce
546 1236 712 1308 pauperet:
737 1224 802 1288 haec
816 1244 885 1287 mea
898 1244 971 1286 cura
984 1235 1041 1298 est,

117 1303 166 1369 Ne
181 1307 257 1393 quid
272 1321 305 1372 tu
320 1308 439 1395 perdas,
456 1332 516 1372 neu
531 1310 572 1373 sis
581 1310 681 1395 jocus.
728 1309 777 1372 Ire
793 1310 915 1374 domum
930 1321 1024 1395 atque

115 1393 296 1457 Pelliculam
311 1417 417 1458 curare
427 1395 524 1480 jube:
548 1396 567 1458 fi
584 1397 724 1480 cognitor
738 1397 813 1481 ipse.

115 1479 233 1555 Parata,
249 1493 343 1565 atque
358 1480 482 1554 obdura,
499 1503 554 1544 seu
569 1481 661 1545 rubra
676 1480 825 1545 Canicula
838 1481 936 1545 findet

114 1565 254 1630 Infantes
269 1580 402 1643 statum
424 1589 479 1631 seu
495 1566 602 1653 pingui
619 1580 722 1631 tentus
736 1590 840 1631 omaso
1007 1572 1049 1630 40

114 1650 227 1715 Furius
243 1651 384 1716 hibernas
398 1653 475 1718 cana
489 1653 560 1717 nive
576 1665 725 1739 conspuet
740 1652 846 1739 Alpes.

115 1736 229 1802 Nonne
245 1738 329 1802 vides
347 1739 470 1824 (aliquis
485 1740 589 1803 cubito
603 1751 734 1803 stantem
750 1761 844 1825 prope
859 1751 989 1824 tangens

113 1823 269 1909 inquiet),
286 1838 320 1889 ut
335 1826 455 1910 patiens
469 1826 476 1890 !
500 1840 534 1888 ut
548 1825 654 1889 amicis
668 1840 757 1911 aptus
771 1824 778 1891 l
802 1839 837 1890 ut
849 1824 938 1889 acer!

115 1909 226 1974 Plures
240 1910 399 1975 adnabunt
413 1911 532 1987 thunni,
550 1925 582 1975 et
595 1913 708 1976 cetaria
722 1925 870 1976 crescent.
923 1922 928 1935 '

115 1996 151 2059 Si
167 1997 217 2059 cui
232 2009 379 2082 practerea
393 1996 511 2061 validus
527 1997 605 2061 male
620 1998 701 2061 filius
716 1999 747 2060 in
762 2022 796 2062 re
1008 2001 1050 2060 45

115 2082 267 2148 Praeclara
282 2084 418 2148 sublatus
432 2083 539 2160 aletur,
557 2106 596 2147 ne
611 2084 807 2148 manifestum

114 2168 242 2232 Caelibis
256 2169 437 2254 obsequium
453 2172 549 2233 nudet
564 2185 604 2245 te,
622 2170 733 2234 leniter
747 2170 778 2232 in
793 2191 881 2255 spem

113 2256 242 2340 Adrepe
257 2255 417 2332 officiosus,
435 2268 468 2319 ut
482 2270 514 2320 et
528 2257 660 2320 scribare
674 2255 826 2319 secundus

112 2341 234 2417 Haeres,
252 2355 292 2418 et,
309 2342 335 2405 si
350 2342 419 2426 quis
434 2364 520 2405 casus
535 2364 664 2426 puerum
679 2363 697 2404 e
720 2342 779 2404 erit
794 2341 887 2416 Orco,

112 2426 151 2490 In
168 2449 297 2491 vacuum
313 2428 436 2491 venias:
459 2450 583 2513 perraro
598 2427 664 2491 haec
676 2366 744 2491 alea
757 2427 845 2490 fallit.
1008 2431 1049 2490 50

112 2512 181 2587 Qui
196 2526 411 2577 testamentum
427 2513 527 2577 tradet
541 2513 596 2577 tibi
613 2535 735 2598 cunque
750 2512 926 2599 legendum,

112 2597 273 2675 Abnuere,
290 2610 322 2663 et
336 2599 453 2663 tabulas
467 2622 486 2663 a
500 2611 531 2663 te
546 2621 704 2663 removere
719 2612 890 2663 memento:

112 2685 167 2748 Sic
182 2698 294 2761 tamen,
313 2698 346 2750 ut
362 2686 440 2749 limis
456 2685 563 2771 rapias,
580 2686 654 2769 quid
671 2685 767 2771 prima
781 2684 916 2749 secundo

113 2770 197 2835 Cera
210 2771 286 2835 velit
300 2793 406 2846 versu3
429 2772 520 2848 solus,
538 2772 682 2835 multisne
697 2771 842 2852 cohaeres,

113 2856 223 2920 Veloci
239 2879 382 2942 percurre
397 2857 494 2921 oculo.
541 2857 729 2942 Plerumque
743 2870 882 2921 recoctus
1008 2862 1049 2922 55

113 2941 222 3007 Scriba
237 2966 276 3007 ex
292 2944 497 3029 quinqueviro
511 2965 636 3006 corvum
651 2942 777 3006 deludet
791 2942 936 3020 hiantem,

112 3027 324 3115 Captatorquc
339 3029 424 3094 dabit
438 3029 515 3093 risus
531 3029 645 3093 Nasica
660 3029 791 3092 Corano.

112 3114 199 3177 Num
214 3114 314 3180 luris?
335 3138 374 3180 an
390 3114 524 3201 prudens
539 3114 618 3179 ludis
633 3138 693 3190 me,
709 3115 837 3179 obscura
851 3111 1015 3179 canendo?

112 3200 145 3263 0
162 3201 336 3278 Laertiade,
353 3202 499 3287 quicquid
514 3201 623 3277 dicam,
639 3213 693 3265 aut
707 3202 765 3264 erit
779 3214 924 3264 autnon:

111 3286 265 3351 Divinare
280 3288 394 3351 etenim
410 3310 540 3374 magnus
555 3286 628 3350 mihi
643 3287 736 3351 donat
752 3286 875 3372 Apollo.
1007 3288 1048 3346 60

111 3370 199 3447 Quid
216 3386 318 3437 tamen
335 3373 392 3438 ista
405 3374 481 3436 velit
494 3373 552 3437 sibi
568 3373 680 3450 fabula,
696 3374 722 3437 si
737 3373 819 3447 licet,
836 3372 902 3435 cde.

111 3458 280 3543 Tempore,
298 3482 360 3546 quo
369 3460 495 3545 juvenis
512 3458 633 3523 Parthis
648 3459 826 3535 horrendus,
841 3456 880 3520 ab
894 3454 957 3519 alto

111 3544 292 3609 Demissum
307 3568 407 3631 genus
423 3544 539 3621 AEnesi,
556 3544 666 3608 tellure
680 3545 819 3629 marique

112 3630 253 3716 Magnus
268 3632 336 3708 erit,
352 3630 422 3695 forti
438 3631 534 3694 nubet
548 3652 674 3715 procera
689 3629 811 3692 Corano
