2442 4059
171 253 213 312 90
420 253 662 310 nersrousuurr
683 267 752 311 uro.
768 267 806 310 rr.
821 252 853 312 2.

171 419 290 484 Dilecti
306 417 362 484 tibi
378 417 529 506 Virgilius
545 418 719 504 Variusque
733 433 853 506 poetae3
952 447 955 450 ·

172 505 242 569 Nec
256 506 354 592 magis
369 505 508 589 expressi
522 505 626 569 vultus
640 528 696 591 per
709 528 807 570 cenea
820 506 919 591 signa,

173 590 276 666 Quam
292 614 346 676 per
361 593 439 655 vatis
453 612 531 675 opus
546 614 646 655 mores
659 591 816 676 animique
830 593 965 656 virorum

173 677 334 741 Clarorum
348 689 508 762 apparent.
553 675 623 742 Nec
635 700 792 742 sermones
806 701 865 765 ego
880 678 1003 742 mallem
1043 683 1107 744 250

172 761 333 848 Repentes
348 786 404 849 per
418 762 555 839 humum,
572 782 666 848 quam
680 786 729 831 res
743 787 927 849 componere
941 777 1055 851 gestas,

171 847 403 935 Terrarumque
417 850 494 914 situs
509 861 541 914 et
555 849 683 914 flumina
697 850 810 927 dicere,
827 862 860 914 et
873 873 959 914 arces

172 932 335 1000 Montibus
349 936 515 1020 impositas,
533 949 565 999 et
580 936 706 1000 barbara
721 959 826 1023 regua,
843 937 967 1021 tuisque

171 1021 329 1106 Auspiciis
344 1033 441 1086 totum
458 1021 597 1086 confecta
610 1021 714 1085 duella
728 1045 784 1106 per
798 1022 913 1099 orbem,

172 1106 376 1193 claustraque
391 1107 548 1172 custodem
564 1107 648 1192 pacis
662 1107 836 1172 cohibentia
850 1107 974 1186 Jauum,
1043 1115 1108 1175 255

172 1191 215 1256 Et
230 1193 420 1258 formidatam
438 1193 560 1258 Parthis
575 1207 605 1257 te
620 1193 760 1280 principe
777 1193 919 1270 Romam,

72 1307 74 1312 ·
172 1278 217 1356 Si,
243 1293 394 1365 qnantum
416 1302 572 1366 cuperem,
602 1302 723 1367 possem
749 1302 893 1366 quoque3
919 1279 976 1345 sed
1003 1302 1108 1368 neque

275 1388 382 1429 arvum
617 1398 620 1407 ·

172 1388 305 1515 camier
320 1453 464 1538 majestas
478 1451 588 1538 recipit
603 1464 665 1529 tua,
681 1473 740 1515 nec
754 1475 841 1516 meus
854 1451 949 1517 nudet
985 1456 991 1465 ’

172 1535 253 1600 Rern
270 1549 389 1602 tentare
404 1538 512 1624 pudor,
529 1560 622 1622 quam
638 1538 718 1601 vires
732 1538 812 1602 ferre
827 1550 979 1603 recusent.

172 1622 326 1688 Sedulitas
340 1637 453 1700 autem,
469 1624 562 1688 stulte
578 1647 671 1709 quem
686 1623 797 1711 diligit,
813 1636 913 1711 urget,
1043 1628 1108 1688 260

171 1706 331 1795 Praecipue
347 1732 444 1796 quum
458 1733 491 1774 se
506 1709 642 1773 numeris
656 1709 851 1773 commendat
865 1721 898 1774 et
910 1721 995 1774 atter

169 1793 273 1860 Discit
288 1797 371 1860 enim
386 1794 694 1880 citiuslmeminitque
710 1795 855 1860 libentius
870 1796 946 1860 illud

171 1880 265 1956 Quod
281 1882 350 1966 quis
364 1881 493 1958 deridet,
509 1904 602 1967 quam
618 1881 700 1967 quod
716 1882 825 1968 probat
838 1894 871 1946 et
884 1893 1060 1947 veneratur.

169 1964 225 2030 Nil
241 1989 342 2031 moror
355 1965 489 2031 officium
504 1966 586 2052 quod
601 1990 651 2030 me
665 1979 783 2055 gravat,
798 1990 835 2032 ac
849 1989 951 2055 neque
966 1965 1040 2032 ficto

170 2051 208 2115 In
223 2053 313 2138 pejus
328 2053 414 2117 vultu
429 2053 559 2138 proponi
574 2075 681 2117 cereus
697 2075 836 2139 usquam,
1043 2057 1108 2116 265

170 2137 239 2202 Nec
254 2162 346 2225 prave
361 2139 450 2203 factis
465 2138 601 2203 decorari
616 2139 755 2204 versibus
769 2152 862 2224 opto:

170 2223 221 2288 Ne
236 2226 361 2290 rubeam
377 2225 487 2312 pingui
502 2226 633 2289 donatus
647 2248 786 2302 munere,
801 2237 835 2289 et
849 2247 911 2289 una

170 2308 250 2374 Cum
266 2312 414 2398 scriptore
428 2333 498 2375 meo
513 2311 603 2394 capsi
621 2325 778 2396 porrectus
791 2311 909 2397 apertis,

168 2395 302 2461 Deferar
316 2400 347 2462 in
364 2397 466 2462 vicum
482 2398 668 2462 vendentem
683 2410 733 2462 tus
748 2411 780 2462 et
793 2397 912 2473 odores,

169 2479 213 2546 Et
227 2483 324 2569 piper,
342 2495 374 2549 et
388 2483 541 2572 quidquid
556 2482 669 2548 chartis
682 2483 825 2549 amicitur
838 2481 962 2569 ineptis.
1043 2486 1108 2546 270

503 2709 752 2722 a-——n-

315 2875 478 2921 EPISTOLA
501 2877 628 2920 11.-so
651 2875 786 2921 JULIUM
809 2875 963 2919 FLORUM·

169 2990 270 3068 Flore,
287 2990 367 3056 bono
383 2992 525 3079 claroque
540 2992 640 3058 fidelis
654 2992 752 3056 amice
768 2991 899 3072 Neroni,

169 3078 203 3142 Si
219 3077 288 3163 quis
302 3078 381 3142 forte
397 3079 471 3144 velit
486 3101 616 3164 puerum
632 3078 689 3142 tibi
703 3077 837 3142 vendere
853 3089 959 3141 natum

167 3163 288 3228 Tibure
303 3163 352 3227 vel
370 3163 489 3240 Gabiis,
506 3177 539 3229 et
553 3177 656 3229 tecum
671 3165 714 3228 sic
728 3177 818 3250 agat:
844 3163 929 3228 ‘Hic
943 3171 977 3225 et

169 3248 328 3314 Candidus
343 3261 375 3313 et
389 3249 465 3314 talos
479 3273 498 3314 a
512 3251 629 3314 vertice
644 3250 772 3336 pulcher
785 3250 824 3314 ad
839 3250 927 3324 imos,

168 3334 240 3400 Fiet
255 3334 375 3419 eritque
391 3346 462 3398 tuos
477 3358 671 3400 nummorum
687 3335 823 3399 millibus
838 3347 926 3411 octo;
1025 3352 1030 3358 “
1087 3337 1109 3399 5

167 3419 274 3484 Verna
289 3419 466 3484 ministeriis
479 3420 518 3484 ad
533 3434 627 3485 nutus
641 3437 731 3507 aptus
746 3420 867 3499 heriles,

168 3504 330 3570 Litterulis
347 3505 466 3571 Graecis
481 3505 627 3580 imbutus,
643 3507 773 3571 idoneus
785 3507 844 3572 arti

169 3589 327 3658 Cuilibet:
350 3590 460 3679 argillis
475 3591 598 3677 quidvis
613 3592 782 3658 imitaberis
796 3591 877 3658 udt:
