2442 4059
385 338 627 383 arrsronsaum
649 338 717 383 ma.
735 340 758 383 r.
775 324 804 385 7.
1024 324 1067 385 63

123 489 272 558 Mittam:
293 503 365 593 post
378 490 471 576 paulo
485 490 600 569 scribit,
616 489 676 555 sibi
691 490 787 555 millia
801 492 941 579 quinque

122 578 203 643 Esse
219 577 303 642 domr
318 576 532 663 chlamydum3
556 589 684 663 partem,
700 577 751 642 vel
765 580 889 644 tolleret
903 600 1019 645 omnes.

124 664 228 729 Exilis
241 663 350 729 domus
365 675 422 741 est,
439 663 493 728 ubi
508 686 569 728 non
585 675 618 728 et
632 663 730 729 multa
743 677 928 751 supersunt,-
1025 670 1067 729 45

125 750 171 816 Et
184 750 345 814 dominum
360 750 481 826 fallunt,
498 763 530 814 et
544 748 675 836 prosunt
688 749 817 816 furibus.
863 751 960 839 Ergo,

126 837 162 901 Si
177 859 227 901 res
241 836 305 901 sola
321 847 423 922 potest
437 837 538 901 lacere
554 846 586 900 et
600 858 722 901 servare
738 837 874 916 beatum,

125 922 201 988 Hoc
215 922 332 1008 primus
345 933 468 1008 repetas
483 944 570 1007 opus,
586 922 646 986 hoc
659 934 833 1007 postremus
847 923 980 990 omittas.

125 1009 163 1074 Si
178 1008 367 1074 fortunatum
382 1008 501 1094 species
516 1021 548 1073 et
562 1009 662 1109 gratia
676 1021 810 1093 prastat,

127 1094 311 1161 Mercemur
325 1116 457 1172 servum,
474 1094 527 1180 qui
544 1094 640 1159 drctet
654 1096 789 1173 nomina,
806 1096 917 1161 laevum
1029 1101 1070 1160 50

126 1180 194 1258 Qui
208 1179 323 1245 fodicet
338 1181 427 1259 latus,
444 1192 476 1245 et
490 1190 581 1267 cogat
596 1192 680 1245 trans
696 1182 833 1266 pondera
845 1181 986 1248 dextram

127 1268 314 1353 Porrigere:
340 1266 404 1330 Hic
419 1266 549 1331 multum
564 1267 597 1330 in
615 1267 712 1331 Fabia
726 1268 819 1345 valet,
835 1268 888 1333 ille
903 1269 1036 1346 Velinim

128 1353 192 1418 Cui
207 1353 294 1431 libet,
310 1352 336 1417 is
350 1353 447 1417 fasces
462 1352 556 1429 dabit,
573 1352 748 1439 eripietque
763 1354 880 1432 curule,

127 1438 193 1504 Cui
208 1440 301 1516 volet,
317 1438 511 1525 importunus
527 1437 621 1503 ebur:
647 1438 765 1515 Frater,
785 1440 887 1517 Pater,
904 1441 999 1518 adde3

128 1525 180 1591 Ut
194 1525 308 1611 cuique
323 1536 371 1590 est
385 1536 468 1602 setas,
485 1524 529 1589 ita
544 1546 701 1609 quemque
716 1527 835 1589 facetus
849 1526 971 1615 adopta.
1030 1531 1071 1591 55

130 1612 177 1689 Si,
194 1612 274 1677 bene
290 1612 344 1697 qui
360 1622 471 1687 coenat,
487 1609 569 1675 bene
585 1610 672 1687 vivit,
689 1611 784 1693 lucet,
799 1634 914 1691 eamus,

131 1698 207 1774 Quo
222 1697 308 1761 ducit
321 1696 414 1784 gula:
438 1697 602 1783 piscemur,
620 1718 788 1773 venemur3
813 1712 847 1763 ut
861 1699 935 1763 olim

131 1784 199 1847 Gar
222 1783 302 1861 ilius,
319 1782 374 1870 qui
389 1806 480 1848 mane
495 1784 613 1869 plagas,
630 1782 792 1861 venabula,
808 1806 912 1850 servos

128 1807 302 1935 Dtflinum
319 1869 447 1963 transire
463 1870 563 1933 forum
579 1869 792 1956 populumque
803 1870 945 1957 jubebat,

131 1955 227 2021 Unus
242 1966 278 2020 ut
292 1977 309 2018 e
324 1954 429 2020 multis
442 1955 589 2041 populos
613 1966 735 2020 estante
750 1958 880 2022 referret
931 1980 934 1987 ·
1032 1962 1074 2020 60

131 2040 285 2127 Emptum
300 2041 402 2105 mulus
416 2063 535 2191 aprum.
581 1978 678 2106 drudi
690 2043 867 2130 ,tumidique
882 2043 1032 2120 lavemur,

132 2126 222 2202 Quid
237 2126 354 2205 deceat,
371 2127 425 2212 qui
461 2150 535 2205 non,
552 2128 650 2203 obliti,
669 2129 783 2194 Caerite
799 2130 870 2193 cersi

129 2212 246 2315 Digni,
262 2213 428 2300 remigium
443 2213 588 2278 vitiosum
605 2214 777 2279 Ithacensis
794 2213 895 2293 Ulixi,

131 2299 197 2363 Cur
213 2298 313 2385 potior
327 2299 426 2384 patrii
441 2300 500 2364 fuit
515 2299 679 2365 interdicta
694 2300 843 2386 voluptas.

133 2386 181 2462 Si,
199 2384 409 2449 Mimnermus
424 2386 469 2450 uti
484 2398 600 2462 censet,
617 2386 685 2450 sine
699 2408 803 2450 amore
814 2385 957 2472 jocisque
1035 2390 1077 2449 65

132 2470 192 2535 Nil
208 2483 255 2536 est
265 2471 456 2557 jucundum3
479 2472 564 2536 vivas
579 2473 611 2535 in
626 2494 730 2535 amore
740 2472 894 2572 jocisque.

132 2556 227 2634 Vive,
244 2558 331 2622 vale:
355 2556 472 2643 siquid
487 2558 598 2622 novisti
614 2558 728 2622 rectius
740 2558 817 2634 rstis,

135 2642 297 2709 Candidus
311 2642 454 2731 imperti;
476 2644 503 2708 si
517 2667 591 2721 non,
607 2644 655 2709 his
670 2654 758 2708 utere
774 2666 905 2711 mecum.

529 2831 700 2843 ..ιιι-ι...-

314 2966 478 3011 EPISTOLA
499 2966 650 3011 vlu-AD
672 2966 906 3013 MAECENATEM·

137 3065 291 3153 Quinque
307 3066 374 3132 dies
389 3066 447 3132 tibi
462 3066 618 3152 pollicitus
633 3088 682 3131 me
697 3088 768 3130 rure
782 3066 932 3151 futurum,

137 3153 292 3219 Sextilem
308 3166 406 3219 toturn
422 3154 556 3217 mendax
571 3152 736 3217 desideror.
783 3154 893 3240 Atqui,

139 3240 177 3304 Si
192 3262 243 3303 me
258 3240 363 3304 vivere
378 3239 425 3304 vis
439 3251 586 3325 recteque
601 3238 707 3304 videre
722 3239 887 3317 valentem,

137 3324 246 3401 Quam
262 3326 339 3389 mihi
352 3326 407 3390 das
421 3347 514 3412 sagro,
531 3324 618 3389 dabis
632 3327 782 3412 aegrotare
798 3325 930 3402 timenti,

138 3412 311 3488 Maecenas,
329 3412 468 3487 veniam3
492 3411 565 3475 dum
581 3410 657 3475 ficus
672 3412 771 3497 prima
784 3411 929 3496 calorque

136 3497 383 3584 Designatorem
400 3497 525 3563 decorat
539 3497 698 3562 lictoribus
712 3498 806 3571 atris3

136 3583 229 3648 Dum
245 3583 351 3669 pueris
365 3583 466 3648 omnis
480 3594 570 3668 pater
585 3595 618 3647 et
631 3581 800 3647 matercula
815 3580 926 3666 pallet3

139 3668 352 3755 Officiosaque
367 3669 516 3735 sedulitas
531 3681 563 3735 et
577 3667 680 3755 opella
693 3666 824 3731 lorensis
