2442 4059
177 296 242 360 250
503 290 787 341 turnrrnarsrto.
1026 290 1122 356 [arun

181 445 219 509 [isa
239 441 332 506 sitium]
364 444 410 489 ‘in
432 442 515 489 vitium
537 442 675 491 deliciarum
694 451 789 504 propter
809 442 987 503 prosperitatem
1005 444 1124 492 iesum-⁹

183 514 263 557 Corum.
278 512 316 557 Cr.
350 510 468 555 Vocabulo
485 509 564 554 sitium
582 510 708 554 admodum
726 508 840 554 malitiose
854 523 912 554 nsua
927 520 964 555 est
979 510 1043 564 ideo,
1060 510 1124 569 qood

180 572 323 637 βσναὺσοις
343 575 405 621 inter
426 574 545 619 Romanos
570 573 650 619 omnia
671 574 721 620 bac
742 574 876 620 Graecorum
897 574 977 619 studia
995 578 1124 631 vitiasset

182 655 353 701 supervacanea
362 639 507 701 videbantup.
516 637 677 695 -Signilicat
690 646 768 683 antem
781 652 871 683 morum
888 639 1053 694 mutationem,
1069 654 1124 697 qun

181 705 303 767 paullatim
320 704 378 763 inde
396 718 411 748 a
428 702 516 749 Pericle
532 716 605 759 usque
626 703 657 748 ad
675 702 809 762 Philippum
827 703 981 749 Macedonem
1001 704 1063 748 iacta
1079 713 1125 758 eat,

183 785 256 829 quom
269 784 283 814 a
295 769 370 829 prisci
381 766 528 827 simplicitate
538 777 562 811 et
571 769 600 813 ab
616 765 658 813 illi
672 763 859 830 μεγαλοψυχίᾳ,
875 782 946 826 qoam
957 768 1020 814 bella
1031 768 1126 813 Persica

182 835 213 880 iis
232 833 379 887 instillatam,
398 831 540 892 pedetentim
557 832 693 878 recedentes
713 832 786 878 eli‘ose
806 846 831 877 se
853 833 966 879 dederent
986 842 1125 879 cunctarum

183 898 268 945 artium
287 897 408 951 illecebris,
431 897 504 942 donec
522 896 643 941 discordiis
660 895 775 944 debilitati
793 905 865 955 atque
880 896 906 941 in
923 898 1048 943 mollitiem
1064 896 1125 955 lapai

182 964 278 1019 tandem
296 963 321 1009 io
340 962 494 1009 Macedonum
513 968 652 1019 potestatem
673 958 989 1024 perrenorum-[lolia]
1014 961 1064 1008 cn.
1075 963 1126 1009 Sat.

215 1092 336 1141 titt-lta.
352 1088 458 1154 [salros]
474 1089 639 1153 rcxuiruc-
647 1085 745 1151 [eboris]
757 1090 889 1137 Recordare
895 1091 933 1136 rel
943 1090 1035 1137 l'bidiae
1042 1091 1127 1137 iorem

186 1157 328 1217 Olympium.
335 1181 369 1190 —
379 1152 527 1217 [Suspendit]
545 1159 552 1182 ‘
562 1155 664 1201 Tabulas
674 1155 747 1214 pictas
757 1156 911 1201 attentissime
922 1156 1044 1215 spectarit,
1054 1155 1090 1201 ita
1099 1164 1129 1201 nt

184 1224 263 1269 oculos
274 1221 483 1282 cogitationemque
494 1223 523 1267 ab
534 1220 563 1267 iis
572 1218 610 1265 ria
622 1233 741 1265 removere
751 1228 837 1279 posset,
847 1234 919 1279 quom
930 1220 1025 1279 pulchri
1035 1221 1128 1280 speeies

185 1296 256 1347 atque
275 1288 395 1346 exemplar
414 1286 440 1331 io
459 1286 554 1332 intimos
572 1284 738 1343 ejus-affectus
759 1282 1112 1347 penetrasset'—[tsiaeaasbas

185 1349 389 1412 ‘symphoniacis,'
411 1365 440 1396 ex
466 1349 550 1410 quibus
575 1363 650 1395 unum
675 1363 750 1407 genos
775 1346 1001 1410 nominat-[Sci
1022 1352 1112 1397 natrice

122 1457 123 1460 ,
184 1419 336 1463 ‘moderante
353 1414 458 1470 notrice,'
476 1422 503 1461 ut
519 1415 581 1474 lipp.
599 1413 623 1463 l.
644 1412 682 1468 16,
701 1411 742 1467 77,
758 1428 815 1460 aaran
831 1421 853 1461 le
870 1415 912 1461 aab
930 1416 1023 1461 custode
1041 1417 1127 1461 unbe-

186 1481 296 1528 Nutrices
309 1488 388 1527 autem
398 1481 459 1539 apud
471 1479 580 1539 antiquos
592 1478 693 1539 primum
703 1480 751 1524 lere
761 1494 804 1538 per
818 1478 945 1524 trienninm
956 1479 1060 1525 inianter
1070 1480 1129 1525 cdo·

186 1548 316 1591 cabant-
326 1541 426 1606 [motare
435 1542 514 1606 plena]
534 1544 571 1591 Sic
585 1544 733 1603 jungendum
744 1544 844 1597 ridetur,
861 1558 909 1589 non
920 1550 1011 1589 araim
1025 1545 1129 1605 reliqas't,

187 1612 250 1670 quod
261 1610 376 1669 ingratam
387 1610 490 1655 efficeret
500 1606 632 1655 ‹ivri-iecra
643 1622 680 1653 rr.
691 1610 773 1668 sapide
780 1610 857 1668 petiit.
881 1608 1015 1653 distantem
1025 1624 1032 1653 r
1050 1605 1127 1667 ‘ciii-

187 1690 266 1736 stopoc,
284 1675 390 1720 celeriter
406 1674 489 1720 satiata
507 1672 614 1727 Gracim'
633 1686 688 1728 non,
707 1682 734 1717 ot
751 1673 792 1719 alii
808 1673 898 1728 volunt,
912 1671 1131 1733 pacilo—[Gaia

183 1736 273 1801 placet]
293 1739 347 1783 ‘Ex
357 1740 466 1785 humanae
477 1747 567 1785 naturae
578 1737 711 1784 conditione
723 1736 782 1782 nibil
798 1737 822 1783 in
837 1746 977 1797 perpetuom
993 1746 1037 1783 aot
1053 1739 1130 1797 placet

187 1813 228 1850 aot
239 1804 369 1863 spernitur3
386 1804 449 1848 baud
461 1803 533 1862 igitur
543 1802 630 1849 mirum
639 1811 683 1859 est,
694 1802 714 1847 si
726 1802 802 1849 Greci
813 1816 907 1861 quoque
915 1804 946 1847 ab
956 1803 1005 1847 uni
1015 1802 1046 1847 ad
1057 1804 1128 1848 aliam

187 1876 261 1915 artem
274 1868 389 1927 praecipue
400 1868 520 1913 colendam
532 1866 691 1915 transierunt'
715 1866 1130 1925 Hocrerso,siquidinGroeceram
1204 1881 1205 1884 ’

187 1932 270 1979 studiis
289 1934 364 1977 inesse
380 1932 486 1977 videatur
503 1932 603 1977 levitatis
620 1942 691 1989 atque
708 1930 877 1986 inconstantiae,
892 1932 1067 1989 quodammodo
1083 1946 1128 1977 ea·

189 2005 260 2044 cusat.
270 2020 301 2031 -
311 1993 428 2057 [uentique
438 1993 544 2057 secuml]
561 1998 686 2056 ‘prospera
696 1995 790 2042 iortnna
806 1996 851 2042 boc
865 1996 949 2050 effecit,
968 2003 995 2041 ot
1005 1996 1048 2042 tali
1058 1996 1131 2042 modo

189 2071 301 2121 tantoque
312 2076 365 2106 com
376 2075 482 2107 successu
495 2061 571 2107 Graeci
581 2061 716 2107 liberalibus
725 2061 814 2107 artibus
823 2074 919 2120 operam
929 2060 1027 2105 darent!

224 2126 356 2174 loa-105.
374 2122 477 2186 [Rana]
496 2126 670 2172 ‘Romanorum
681 2134 763 2172 contra
777 2128 807 2171 ab
821 2125 910 2172 artibus
925 2125 1061 2171 liberalibus
1078 2124 1128 2183 pai·
1204 2137 1205 2184 t

190 2206 255 2238 mom
266 2205 398 2237 aversorum
414 2190 464 2236 lraec
478 2189 573 2236 inerunt
588 2191 705 2250 praecipua
720 2190 812 2246 studia,’
831 2191 873 2237 irc.
890 2188 937 2235 Cir.
955 2191 984 2236 A.
996 2190 1021 2235 P.
1032 2189 1130 2236 32‘1-
1204 2197 1205 2200 ’

193 2253 322 2319 [sollemne]
341 2255 523 2301 ‘consuetudine
540 2255 692 2315 usurpatum)
711 2256 791 2301 Conse.
810 2251 993 2315 (ln-[Mau]
1011 2256 1059 2300 Sat.
1072 2253 1132 2312 l,i,

192 2322 231 2376 1⁰,
242 2323 289 2368 Sub
297 2322 357 2382 galli
367 2330 458 2367 matum
468 2322 580 2367 consultor
590 2322 630 2365 abi
640 2322 699 2366 estio
705 2316 946 2380 palam-[Coelae]
965 2320 1129 2365 Formolarem

191 2400 297 2432 sermone
312 2400 423 2445 perquam
439 2385 497 2431 scite
513 2385 551 2431 bic
567 2399 624 2431 usus
639 2393 682 2439 est,
700 2392 726 2430 ut
742 2392 839 2444 apparet
852 2398 881 2429 ea
893 2384 953 2431 Ptin
965 2385 1026 2443 Epp.
1041 2383 1079 2438 lu,
1089 2382 1131 2435 62.
1204 2393 1205 2396 ’

191 2452 371 2497 distribuendam
381 2452 442 2496 inter
451 2451 584 2496 decuriones
589 2452 710 2509 muman
720 2451 764 2503 ila,
779 2455 805 2495 al
820 2455 897 2495 recte
911 2450 1042 2508 reipublice
1051 2463 1130 2495 caan

192 2521 268 2567 sant,-
285 2515 341 2561 Cod.
364 2514 387 2569 2,
407 2514 431 2568 i,
448 2516 472 2567 2,
494 2522 568 2561 recle
589 2520 671 2560 caulo
688 2516 792 2573 pecunia.
825 2514 869 2559 Est
885 2514 970 2571 igitur:
992 2512 1133 2573 ‘pecaniam

192 2585 260 2635 secte,
275 2579 290 2623 i.
308 2594 328 2624 e.
345 2592 359 2624 a
375 2579 479 2625 debitore
495 2578 605 2637 legitimis
621 2577 827 2637 chirographorum
846 2578 951 2623 formulis
966 2585 1057 2623 mutan
1075 2577 1132 2623 bute

193 2644 287 2689 credere
299 2640 383 2702 (fenori
395 2640 462 2701 dare)
474 2652 544 2702 atque
555 2644 679 2703 erpendcre
691 2641 828 2703 (expensam
840 2639 926 2700 ierre).’
959 2642 1039 2701 longe
1051 2652 1132 2688 autem

194 2722 292 2755 nummos
303 2714 379 2754 contos
389 2710 515 2753 saniculae
523 2710 593 2755 rectia
602 2708 680 2761 ablat,
691 2722 739 2753 non
749 2710 873 2767 ”pendere
884 2708 1009 2754 misibua
1019 2707 1093 2753 datis.

228 2771 280 2818 108.
298 2768 423 2833 [Mutavit]
441 2771 521 2818 Animi
532 2783 588 2817 tunc
602 2771 655 2817 fessi
673 2781 739 2818 erant
753 2770 873 2817 discordiis
885 2770 1003 2817 intestinis
1018 2772 1133 2817 libenter·

195 2850 241 2896 que
253 2836 389 2883 fruebantur
399 2850 456 2897 pace
466 2838 496 2883 ab
509 2839 614 2894 Augusto
626 2837 768 2891 conservati,
784 2836 819 2883 lta
832 2844 919 2891 tamen,
933 2844 960 2881 nt
973 2836 1044 2894 longe
1055 2836 1132 2883 minor

194 2900 279 2947 civium
291 2915 345 2960 pars
360 2916 431 2958 quam
442 2912 519 2947 vetere
534 2901 653 2960 republica
669 2910 710 2945 aot
727 2900 791 2946 domi
807 2900 907 2959 negotiis
922 2900 1029 2946 civilibus
1043 2910 1068 2947 et
1083 2902 1133 2947 elu-

195 2965 292 3025 quentii
303 2972 343 3011 aot
353 2965 443 3013 militiae
453 2966 536 3012 bellici
544 2967 630 3011 virtute
641 2964 737 3023 gloriam
748 2965 793 3011 sibi
803 2979 885 3024 parare
895 2965 995 3011 etvettet
1005 2974 1030 3011 et
1041 2975 1134 3025 pometa

195 3040 308 3093 praeterea
319 3030 407 3075 Graecae
417 3031 500 3076 litterae
511 3029 536 3075 in
551 3031 601 3077 diea
613 3029 687 3089 tnagis
697 3030 879 3076 innotescebant.
911 3029 965 3076 Jam
976 3039 1072 3091 propter
1082 3030 1135 3075 bae

196 3094 275 3141 omnia
285 3093 401 3154 permulti,
419 3108 450 3140 ne
460 3095 531 3141 vitam
548 3095 596 3141 otio
614 3102 723 3151 tererent,
741 3094 838 3154 poeticis
850 3094 934 3140 stodiis
948 3109 999 3139 aesc
1009 3096 1135 3150 dederunt,

196 3174 271 3220 euque
282 3158 364 3216 magis,
380 3160 443 3217 qood
452 3158 585 3218 Augustum
597 3167 622 3204 et
633 3159 787 3206 Maecenatem
801 3158 839 3205 bis
853 3157 932 3205 farere
943 3159 1069 3214 ridebaot3
1087 3174 1135 3219 qno
1204 3151 1205 3170 ¹

196 3224 222 3270 io
234 3226 322 3271 fervore
333 3223 437 3268 omnium
448 3223 516 3271 aliter
527 3222 566 3269 rix
578 3223 628 3269 steri
639 3231 739 3283 poterat,
754 3238 825 3283 qoam
842 3232 869 3270 ot
884 3223 958 3269 multa
967 3232 1076 3283 poemata
1086 3239 1135 3270 non

196 3290 272 3337 solum
283 3286 416 3346 mediocria,
433 3288 474 3333 sed
491 3286 561 3333 etlam
576 3288 639 3333 mala
649 3289 778 3347 prodirent,
792 3302 820 3333 ac
829 3287 935 3347 plerique
946 3288 1055 3333 servilem
1066 3289 1136 3335 Grn-

198 3369 276 3401 oorom
288 3351 442 3399 imitationem
453 3366 574 3410 nunqnam
586 3353 760 3410 egrederentur.
794 3353 863 3399 lianc
874 3351 974 3398 aabitaru
985 3352 1059 3411 igitar
1069 3353 1135 3413 inge·

197 3417 289 3465 reiorum
298 3432 325 3464 ac
332 3416 461 3463 studiorum
469 3416 623 3464 mutationem
632 3417 709 3476 lepide
717 3416 815 3473 deridet,
821 3412 933 3481 εἰρωνείᾳ
941 3415 967 3461 io
975 3425 1051 3463 mmet
1057 3418 1136 3477 ipaom

213 3496 227 3529 tt
260 3497 289 3528 ue
301 3496 363 3527 usus.

197 3498 211 3541 q
229 3498 363 3593 ique-113.
382 3540 478 3606 [recem]
495 3543 552 3603 ‘qui
568 3552 662 3604 propter
679 3552 772 3591 aetatem
789 3544 864 3593 severi
881 3559 931 3593 esse
950 3546 1071 3602 deberent,
1089 3533 1137 3607 ipiai

197 3606 703 3733 miribilit‘tlrlltt‘i
718 3610 886 3735 istit:
899 3610 997 3723 lili*
1013 3620 1137 3736 wi
