2442 4059
167 255 231 321 ’258
497 255 782 305 tartarearum.
1022 254 1115 320 [epm.

167 406 310 469 emptoribus
318 404 342 451 in
352 406 498 453 bibliothecis
506 406 608 452 maxime
615 414 807 468 proponerentur.
829 405 911 455 Jamsi
920 419 934 452 a
944 404 1115 471 κηροπλάστῃ

117 484 120 489 ·
166 473 246 535 aliquo
267 471 375 532 imperito
394 470 418 516 in
438 474 504 532 pejus
523 474 606 518 efficta
626 481 700 527 erant,
718 486 765 527 eos,
787 486 887 531 quorum
904 482 972 519 erant
991 473 1116 531 imagines,

166 544 290 598 'propterea
308 535 463 582 stomachatos
481 551 530 582 esse
550 546 732 583 consentaneum
749 543 800 588 ectr
823 551 867 583 uec
889 546 969 586 tamen
992 538 1115 597 cogitarim

167 602 273 648 consulto
290 600 315 645 in
333 602 398 660 pejus
416 602 482 646 iictas
499 598 624 660 (italorum
643 598 782 659 ooriectsre)
804 601 900 649 ludibrii
922 610 948 647 et
964 602 1116 647 contumelioe

167 668 238 713 causi
259 666 345 725 exponi
367 666 446 711 solitas
467 678 572 711 essa·
589 662 717 728 [deeormt]
748 661 803 712 κατ’
825 661 954 733 εἰρωνείαν
980 682 1025 726 pro
1054 668 1116 712 ‘de-

167 739 193 777 tu
223 730 272 776 ari!
784 745 789 752 ’

195 746 335 847 r{iiii—270.
359 790 430 854 [Cum
445 790 568 857 scriptore]
587 796 653 840 ‘una
669 808 723 841 oum
740 794 802 839 malo
820 795 897 855 poetd,
916 794 958 853 qui
976 794 1066 840 insulse
1077 809 1116 840 ms

167 858 286 905 laudavit!
298 856 413 920 -[rueo]
438 862 452 883 '⁴
465 860 522 905 ideo
544 858 599 918 quia
621 859 646 905 in
668 860 751 905 eodem
772 858 831 904 libro
848 869 873 905 et
889 857 1115 918 scriptoria-nomen

169 931 205 969 est
216 932 240 969 et
251 924 308 983 ejus,
326 924 355 969 de
367 938 413 983 quo
424 922 539 977 scribitur,
553 932 579 969 ut
593 924 618 969 in
630 924 729 982 Virgilio
739 923 835 978 Eneca,
849 923 873 971 ln
890 924 994 969 Homero
1007 923 1115 969 Ulixes.”

167 993 223 1035 Acr.
233 1010 266 1023 -
277 984 422 1050 [porrectus]
441 991 457 1013 ‘⁸
467 989 531 1033 Bene
541 994 659 1047 porrectas
671 996 695 1034 et
705 988 729 1033 in
741 989 810 1047 capeti
821 997 916 1047 opertus
928 988 995 1047 quasi
1007 996 1115 1034 mortuus

166 1052 192 1097 in
204 1052 289 1099 feretro
301 1052 392 1099 deferar
408 1052 431 1097 in
446 1052 521 1098 vicum
534 1051 690 1099 thurarium.''
710 1054 795 1112 Porplr.
829 1052 877 1100 cfr.
895 1053 970 1111 epod
985 1052 1024 1107 10,
1035 1054 1117 1099 22.-

169 1113 274 1179 [operto]
293 1116 421 1176 Significat,
433 1132 502 1176 quam
514 1130 607 1177 prorsus
619 1118 752 1177 negligatur
762 1126 785 1162 et
793 1125 957 1165 contemnatur
969 1118 1023 1162 talis
1034 1128 1115 1177 poeta:

168 1186 260 1242 ‘capam
279 1198 331 1241 quac
344 1196 373 1227 ne
384 1192 465 1241 operta
476 1181 571 1241 quidem
582 1182 633 1227 est!
667 1182 777 1228 Ridicula
788 1189 838 1227 tum
849 1183 981 1237 dumtaxat,
999 1190 1026 1227 ut
1036 1183 1116 1238 debet,

167 1256 273 1293 remanet
292 1247 369 1305 imago
381 1262 402 1292 v.
419 1253 544 1306 porrectus,
561 1246 580 1291 si
598 1246 724 1293 multitado
742 1256 872 1306 porrectum
890 1247 961 1297 videt.
981 1246 1047 1304 quod
1063 1246 1114 1292 fieri

168 1325 215 1357 non
227 1321 302 1372 potest
318 1311 341 1356 in
353 1312 422 1371 capsi
433 1314 519 1370 operto,
539 1311 627 1357 clausit.
668 1312 713 1357 Hic
724 1311 788 1357 vicus
804 1310 865 1371 (Set.
876 1311 900 1369 8,
912 1312 935 1364 3,
948 1310 1008 1368 227)
1026 1311 1052 1356 in
1063 1312 1114 1357 loeo

167 1374 277 1423 inferiore
288 1376 351 1422 urbis
363 1384 425 1430 erat3
443 1375 498 1421 hinc
509 1376 601 1434 proprie
614 1384 710 1435 usorpat
721 1391 743 1421 v.
754 1372 893 1435 deferan-
903 1372 1007 1437 [odores]
1023 1376 1114 1434 ‘liquo-

167 1455 205 1487 res
221 1442 328 1487 odoratos
342 1448 414 1499 atque
430 1440 565 1498 unguenta)
576 1464 609 1475 --
622 1436 758 1501 [quidquid]
777 1449 802 1485 ut
818 1440 918 1485 scombri
939 1438 1016 1498 (Pers.
1029 1440 1051 1495 l,
1063 1439 1114 1498 ta),

168 1512 291 1564 ceteraque
303 1502 421 1563 salgamass
448 1504 496 1551 ctr.
510 1504 579 1550 Mart.
591 1504 616 1557 6,
631 1504 677 1551 60:
698 1507 770 1555 &om
784 1506 850 1551 multi
860 1507 934 1553 tineas
942 1511 1043 1565 pascant
1054 1506 1114 1551 blat-

168 1576 247 1631 tasque
258 1570 356 1616 diserti!
379 1570 411 1615 Et
422 1572 537 1616 redimant
548 1571 591 1616 soli
601 1572 703 1617 camino
714 1572 780 1616 docto
790 1570 844 1617 cocs'.

536 1794 695 1843 aristote
716 1796 749 1844 tt.

201 1959 307 2007 Annuit.
339 1961 353 1986 “
363 1960 522 2005 Excusatnros
539 1974 565 2005 se
578 1959 643 2006 lulio
653 1961 725 2007 Floro
742 1958 793 2020 (cfr.
806 1960 881 2023 Epist
892 1961 913 2016 i,
924 1957 961 2019 3),
977 1960 1043 2019 quod
1054 1960 1114 2007 nihil

168 2025 298 2073 litterarum
310 2038 386 2083 neque
397 2023 526 2069 carminum
538 2026 567 2070 ad
578 2039 633 2069 eum
646 2025 743 2080 miserit,
755 2026 856 2084 primum
866 2022 946 2084 lepida
956 2025 1114 2071 similitudine

169 2088 292 2149 significat,
311 2102 335 2134 se
352 2088 412 2133 nihil
426 2088 581 2147 proficiscenti
595 2089 671 2135 amico
682 2089 823 2149 promisisse,
842 2089 914 2135 immo
929 2104 995 2136 suam
1012 2091 1040 2135 in
1055 2088 1114 2136 seri·

168 2155 247 2201 bendo
261 2153 379 2214 pigritiam
395 2152 496 2211 ingenue
510 2153 639 2213 professum
656 2168 706 2200 esse
723 2154 772 2214 (vv.
787 2152 884 2216 1-en).
918 2154 954 2199 De
970 2154 1115 2200 carminibus

168 2218 247 2265 ridens
265 2217 397 2278 respondet,
413 2232 438 2263 se
449 2218 566 2277 quondam
579 2232 625 2263 non
638 2218 683 2264 nisi
697 2227 833 2279 paupertate
850 2220 881 2264 sd
897 2232 978 2264 versus
995 2218 1114 2265 iaciendos
1205 2265 1206 2276 ,

167 2285 286 2339 adactum,
307 2296 370 2329 nuno
387 2283 482 2343 quidem
505 2283 600 2328 meliore
623 2282 717 2329 fortune
739 2292 844 2333 utentem
862 2286 957 2329 beatum
979 2284 1055 2328 otitnu
1076 2282 1114 2329 lr'u

168 2348 286 2395 laboribus
302 2349 370 2407 longe
392 2346 500 2407 preferre
516 2346 564 2406 (vv.
581 2347 706 2404 to-ot);
723 2348 808 2394 deinde
825 2346 887 2397 serio
906 2356 1004 2394 excusat
1020 2356 1114 2393 uatem

168 2426 243 2466 suam,
255 2413 388 2473 importuna
400 2414 511 2458 lectorum
523 2412 623 2465 fastidia,
641 2416 737 2458 urbane
752 2412 806 2459 sitta
820 2412 988 2472 impedimenta
998 2419 1024 2457 et
1035 2414 1115 2457 turbas

170 2475 346 2536 (endo—86),
362 2485 386 2521 et
401 2477 523 2535 significat,
545 2491 570 2522 aa
589 2484 714 2540 pertaesum
730 2492 782 2524 esee
797 2477 874 2525 omnis
892 2477 962 2536 hujus
981 2477 1114 2521 carminum
1205 2477 1206 2530 ]

168 2542 345 2601 pangendorum
358 2541 428 2587 studii
440 2544 469 2587 ob
481 2541 571 2601 ineptos
581 2550 607 2587 et
616 2541 719 2588 misellos
730 2550 764 2587 tot
774 2550 895 2610 poetarum
911 2541 947 2586 sui
959 2540 1073 2600 temporis
1083 2542 1115 2587 sd

168 2605 270 2650 favorem
289 2605 411 2650 hominum
431 2614 454 2651 et
473 2605 565 2651 laudem
588 2599 726 2665 captandam
748 2608 863 2654 tumultus
879 2614 903 2651 et
921 2606 1035 2663 legitima
1057 2606 1114 2651 artie

168 2668 333 2728 ignorantiam,
349 2670 465 2728 simulque
478 2670 571 2717 saniora
581 2671 689 2729 quadam
706 2679 729 2717 et
745 2672 861 2719 severiora
876 2671 933 2715 artis
950 2678 1068 2729 precepta
1085 2670 1114 2715 iis

168 2733 267 2792 opponit
278 2731 327 2793 (vv.
339 2732 470 2794 tit—lto).
507 2735 627 2781 Postremo
637 2735 749 2790 studium,
762 2736 825 2797 quod
836 2741 884 2780 tam
892 2734 1028 2793 frequenter
1039 2736 1065 2779 in
1078 2735 1115 2780 isis

169 2797 273 2857 epistolis
288 2799 416 2857 profitetur,
428 2798 547 2859 sapientia
563 2808 667 2856 excusat,
682 2800 720 2845 cui
732 2815 796 2846 nunc
806 2799 891 2846 relictis
903 2813 1012 2844 sonuum
1023 2799 1115 2846 lusibus

169 2862 239 2908 unice
248 2862 341 2907 deditos
352 2864 390 2920 sit,
405 2872 476 2923 atque
487 2878 558 2909 aurea
573 2865 681 2923 quaedam
692 2879 756 2911 sanes
766 2864 862 2911 rationis
872 2871 989 2923 praecepte
1005 2864 1051 2909 boc
1061 2864 1115 2924 ipso

169 2925 248 2973 studio
264 2926 307 2971 sibi
327 2939 459 2987 comparata
478 2943 531 2975 turn
550 2927 626 2975 amico
643 2930 806 2977 communicat.
824 2927 872 2988 (vv.
885 2928 938 2982 141,
955 2927 987 2974 ad
1004 2928 1114 2989 linem.)’¹

169 2992 269 3039 zett-
278 2990 367 3049 Scripta
380 2994 471 3037 videtur
482 2992 612 3039 Kirchnero
625 3006 680 3040 sm.
690 3006 711 3039 c.
724 2992 779 3048 743.

204 3055 272 3102 r-n.
295 3053 389 3117 [Flore]
418 3058 453 3102 De
473 3058 542 3103 Floro
560 3072 581 3103 r.
601 3058 662 3119 Epp.
681 3053 872 3119 Lib—[botro]
891 3057 927 3102 De
943 3054 1056 3103 laudibus
1076 3058 1113 3103 'rt

169 3119 269 3166 claudio
289 3120 377 3165 Neroni
393 3121 475 3179 juveni
493 3121 618 3181 impertitis
634 3138 656 3168 v.
674 3123 734 3183 Epp.
748 3122 769 3177 l,
782 3123 805 3175 ll,
817 3122 839 3169 4.
851 3144 884 3155 -
897 3119 937 3182 [Si
954 3118 1018 3182 quis]
1042 3122 1114 3168 ‘Non

169 3185 245 3243 magia
256 3192 318 3230 recte
330 3193 355 3229 tu
366 3198 457 3230 mecum
469 3186 519 3244 agis
529 3186 648 3246 pigritiam
659 3201 735 3233 meam
746 3186 927 3247 reprebendens,
946 3200 1017 3244 quam
1029 3187 1115 3246 siquis

170 3258 249 3309 empto
260 3263 333 3308 puero
344 3249 453 3307 mangoni
466 3250 530 3295 litem
541 3260 623 3311 postea
634 3260 744 3308 moveret,
755 3251 861 3311 quamvis
872 3250 910 3296 hic
921 3250 1021 3310 emptori
1032 3252 1115 3297 omnis

169 3314 280 3373 mancipii
295 3314 352 3359 vitia
369 3313 528 3373 exposuisset.¹
540 3338 572 3349 -
581 3312 694 3378 [Tibure]
712 3316 754 3363 ‘in
771 3316 827 3361 villti
842 3316 923 3374 aliquit
934 3315 1061 3361 Tiburtina
1076 3316 1115 3362 vei

171 3378 271 3433 Gabinis,
290 3380 348 3425 adeo
369 3386 394 3423 ut
414 3394 483 3424 verna
505 3380 537 3438 (r.
549 3378 576 3438 6)
595 3381 633 3435 ait,
657 3380 740 3427 Latine
758 3380 830 3438 igitur
849 3380 914 3434 sciat,
931 3379 1068 3426 liberalibus
1083 3380 1115 3427 sit

169 3443 259 3488 artibus
270 3444 403 3499 instructus,
420 3443 493 3502 pluris
505 3443 583 3502 itaque
595 3445 747 3491 estimandus
761 3453 785 3489 et
800 3443 875 3503 magis
886 3445 984 3489 idoneus
995 3445 1114 3491 adomnia

169 3508 263 3561 generis
280 3507 416 3562 ministeria,
435 3520 505 3567 quam
524 3507 543 3552 si
564 3510 675 3554 barbarus
692 3519 761 3563 esset,
779 3509 858 3555 'i'bras
872 3510 909 3553 vei
926 3509 1116 3568 Cappadox!-

171 3564 315 3631 [candum]
339 3571 443 3617 Pulchrae
461 3571 541 3617 sormae
558 3580 648 3631 partem
667 3575 780 3628 nominat,
795 3573 920 3619 candidum
937 3574 1048 3628 colorem,
1064 3588 1113 3619 non

170 3646 233 3689 vero,
259 3635 377 3694 ‘integer,
394 3636 445 3682 sine
462 3634 726 3698 &Hadid—[suidbert
744 3634 805 3699 octo]
834 3638 881 3684 Sed
899 3637 1015 3688 Martialis
1031 3637 1055 3694 1,
1068 3637 1111 3695 w,
