2442 4059
162 292 203 351 42
436 304 635 351 samareum
657 304 723 349 urs.
740 306 777 349 n.
793 290 823 349 5.

163 458 266 524 Docte
284 458 365 540 Cati,
379 481 434 543 per
448 456 611 522 amicitiam
628 457 776 542 divosque
790 470 925 544 rogatus,

163 547 289 610 Ducere
304 567 353 609 me
368 544 516 619 auditum,
533 566 645 629 perges
660 566 854 629 quocunque,
871 562 1038 610 memento.

164 632 244 695 Nam
260 631 399 716 quamvis
414 630 526 693 referas
542 632 669 694 memori
684 630 756 694 mihi
773 643 896 715 pectore
911 645 1030 710 cuncta,
1055 638 1098 696 90

164 718 236 780 Non
252 730 354 781 tamen
369 716 520 802 interpres
536 716 716 780 tantundem
726 716 860 804 juveris:
882 717 959 781 adde
1215 759 1216 818 t

163 804 292 867 Vultum
309 803 508 888 habitumque
524 802 671 877 hominis3
688 825 780 886 quem
796 815 829 866 tu
845 803 957 867 vidisse
973 804 1082 868 beatus

165 886 235 953 Non
252 890 356 976 magni
370 888 488 975 pendis,
505 889 578 973 quia
592 888 738 975 contigit:
761 902 793 952 at
808 888 881 951 mihi
897 912 970 953 cura

164 975 235 1038 Non
253 976 412 1039 mediocris
426 976 515 1050 inest,
533 974 632 1037 fontes
648 988 681 1038 ut
696 975 779 1038 adire
795 986 927 1039 remotos

164 1066 270 1149 Atque
285 1061 406 1125 haurire
421 1083 531 1146 queam
548 1060 619 1124 vitae
635 1060 788 1147 praece'pta
803 1061 910 1125 beatae.
1054 1066 1097 1124 95

541 1358 662 1403 SATlRA
677 1359 706 1403 V·

164 1474 235 1540 Hoc
250 1496 383 1561 quoque,
401 1475 531 1552 Tiresia,
549 1488 659 1561 praeter
673 1488 803 1552 narrata,
819 1477 938 1562 petenti

164 1560 350 1647 Responde:
372 1562 483 1647 quibus
496 1562 621 1626 amissas
636 1584 777 1648 reparare
793 1585 905 1647 queam
920 1585 968 1626 res

163 1647 292 1712 Artibus
306 1659 399 1733 atque
414 1649 520 1713 modis.
566 1648 652 1724 Quid
668 1648 771 1712 rides?
813 1648 924 1712 Jamne
939 1648 1043 1712 doloso

164 1733 235 1797 Non
251 1734 323 1798 satis
338 1748 384 1798 est
400 1734 535 1799 Ithacam
551 1734 666 1811 revehi,
683 1734 859 1819 patriosque
875 1747 1001 1821 penates

164 1818 357 1904 Adspicere?
401 1820 523 1885 Onulii
539 1820 707 1905 quidquam
723 1822 862 1896 mentite,
879 1820 964 1884 vides
978 1833 1014 1884 ut
1072 1823 1093 1881 5

163 1904 274 1969 Nudus
289 1907 439 1991 inopsque
454 1906 578 1969 domurn
593 1907 727 1982 redeam,
744 1918 775 1970 te
790 1923 869 1982 vate,
886 1929 987 1991 neque
1002 1906 1066 1969 illic

162 1993 229 2055 Aut
242 1992 390 2078 apotheca
405 1991 504 2077 procis
518 1992 632 2056 intacta
646 2006 702 2069 est,
717 2005 771 2056 aut
791 2015 883 2077 pecus
892 2017 901 2069 ;
922 1992 1010 2078 atqui

163 2076 206 2141 Et
220 2100 328 2160 genua,
345 2077 498 2154 strictus,
515 2078 572 2141 nisi
588 2101 658 2141 curn
674 2101 716 2155 re,
733 2078 822 2142 vilior
835 2079 907 2165 algis
923 2093 979 2143 est

162 2162 297 2237 Quando
313 2164 501 2250 pauperiem,
517 2164 616 2228 missis
629 2165 820 2250 ambagibus,
836 2165 952 2242 horres,

162 2250 278 2335 Accipe
294 2250 355 2335 quis
371 2248 487 2313 ratione
502 2272 597 2335 queas
611 2251 769 2315 ditescere.
815 2251 950 2327 Turdus,
1054 2253 1093 2311 10

163 2336 235 2399 Sive
250 2336 332 2399 aliud
350 2335 468 2420 privum
484 2336 606 2400 dabitur
622 2336 686 2413 tibi,
703 2335 826 2400 devolet
839 2336 923 2412 illuc,

164 2421 226 2484 Res
243 2423 295 2485 ubi
310 2445 422 2508 magna
436 2422 523 2499 nitet,
540 2422 664 2487 domino
677 2444 771 2499 sene3
794 2422 895 2486 dulcia
910 2443 1010 2506 poma,

161 2505 204 2570 Et
218 2530 418 2593 quoscunque
433 2508 511 2573 feret
526 2509 626 2573 cultus
640 2509 696 2572 tibi
710 2507 824 2571 fundus
839 2508 977 2582 honores,

160 2594 246 2656 Ante
264 2593 375 2657 Larem
390 2606 495 2680 gustet
508 2595 712 2658 venerabilior
728 2594 808 2657 Lare
823 2594 929 2669 dives;

161 2678 236 2755 Qui,
253 2681 392 2765 quamvis
408 2682 548 2765 perjurus
563 2681 631 2755 erit,
646 2680 713 2743 sine
728 2694 833 2765 gente,
849 2691 993 2744 cruentus
1052 2680 1092 2740 15

162 2766 320 2851 Sanguine
335 2766 482 2851 fraterno,
496 2766 663 2854 fugitivus3
687 2788 726 2829 ne
742 2779 844 2829 tamen
860 2766 907 2829 illi

161 2850 214 2913 'Fu
228 2873 328 2915 comes
343 2853 485 2928 exterior,
502 2852 527 2916 si
543 2851 686 2938 postulet,
703 2852 748 2916 ire
762 2874 893 2915 recuses.

161 2936 248 3001 Utne
263 2950 366 3024 tegam
381 2961 492 3024 spureo
507 2938 618 3003 Damae
633 2938 735 3003 latus?
757 2938 837 3001 haud
852 2939 896 3001 ita
911 2936 942 3000 T
944 2936 1017 3021 rojas

161 3022 219 3085 Me
234 3025 325 3109 gessi,
342 3039 462 3088 certans
476 3047 598 3110 semper
614 3024 800 3089 melioribus.
847 3023 932 3110 Ergo

162 3108 284 3194 Pauper
299 3111 367 3174 eris·
392 3110 516 3174 Fortem
532 3110 589 3174 hoc
603 3112 740 3176 animum
756 3110 885 3173 tolerare
896 3108 1032 3194 jubebo:
1048 3111 1091 3170 20

159 3193 204 3258 Et
218 3197 370 3279 quondam
388 3198 502 3283 majora
516 3197 583 3261 tuli.
629 3196 680 3259 Tu
696 3196 845 3282 protinus,
862 3196 944 3258 unde

159 3280 296 3345 Divitias
310 3283 440 3367 aerisque
455 3304 552 3359 ruam,
568 3282 617 3346 dic
632 3304 741 3368 augur,
756 3304 890 3346 acervos.

160 3365 238 3429 Dixi
254 3368 407 3453 equidem,
424 3381 456 3431 et
470 3368 546 3432 dico.
593 3368 708 3453 Captes
721 3380 840 3432 astutus
854 3367 970 3451 ubique

159 3452 360 3517 'l‘estameuta
373 3474 500 3517 senum:
523 3476 594 3529 neu,
610 3454 637 3516 si
651 3453 736 3517 vafer
751 3474 829 3516 nnus
844 3465 875 3515 et
888 3453 967 3517 alter

161 3536 374 3603 Insidiatorem
389 3560 520 3623 praeroso
535 3540 651 3624 fugerit
665 3537 764 3614 hamo,
1050 3540 1093 3599 25

160 3624 227 3687 Aut
240 3645 326 3709 spem
341 3624 485 3709 deponas,
502 3638 555 3689 aut
567 3636 665 3688 artem
680 3623 787 3687 illusus
801 3623 932 3688 omittas.
