2442 4059
383 221 580 267 sarrarnuu
603 221 670 265 nra.
687 222 725 264 11.
740 207 770 264 6.
1004 209 1045 269 47

111 378 222 442 Sermo
238 374 333 440 oritur
348 396 409 437 non
425 372 463 438 de
479 373 558 438 villis
573 373 753 438 domibusve
767 373 885 450 alienis,

108 463 190 538 Nec,
207 462 284 527 male
299 482 397 525 necue
414 459 517 545 Lepos
528 460 638 536 saltet3
654 458 718 535 sed,
729 460 810 544 quod
825 458 923 546 magis
936 460 975 525 ad
990 484 1046 529 nos

108 548 264 623 Pertinet,
281 561 313 611 et
327 545 446 611 nescire
461 547 577 611 malum
591 560 648 622 est,
663 547 835 632 agitamus:
861 562 1004 612 utrumne

107 635 242 700 Divitiis
257 633 406 707 homines,
422 656 461 697 au
476 632 538 697 sint
553 632 666 697 virtute
682 632 781 709 beati3

109 721 237 796 Quidve
252 720 290 784 ad
305 717 463 796 amicitias,
480 741 552 783 usus
566 733 736 794 rectumne,
753 717 852 783 trahat
866 741 938 795 nos3
1005 725 1046 785 75

108 807 154 871 Et
169 828 240 892 quae
254 806 294 870 sit
308 820 417 870 natura
432 804 513 883 boui,
529 827 746 889 summumque
762 804 835 889 quid
851 806 928 892 ejus.

108 892 243 956 Cervius
258 892 324 956 haee
339 891 419 955 inter
433 891 551 955 vicinus
565 890 662 976 garrit
675 890 773 955 aniles

108 978 161 1043 Ex
177 1001 211 1043 re
227 978 362 1044 fabellas.
409 977 443 1041 Si
459 977 527 1062 quis
542 1000 612 1041 uam
628 976 732 1041 laudat
746 976 845 1041 Arelli

110 1065 266 1129 Sollicitas
281 1064 406 1150 ignarus
421 1086 504 1148 opes,
520 1063 564 1127 sic
579 1062 708 1148 incipit:
732 1062 817 1127 Olim

110 1151 260 1215 Rusticus
275 1150 425 1213 urbanum
442 1172 559 1213 murem
575 1172 644 1213 mus
659 1172 793 1234 paupere
808 1150 905 1213 fertur
1004 1156 1046 1216 80

109 1237 279 1322 Accepisse
294 1259 378 1313 cavo,
396 1247 530 1299 veterem
545 1249 634 1299 vetus
649 1235 759 1320 hospes
772 1235 925 1312 amicum3

109 1324 213 1409 Asper
228 1337 261 1387 et
274 1334 410 1387 attentus
426 1320 572 1406 quaesitis,
590 1335 625 1385 ut
639 1333 741 1385 tamen
755 1335 873 1386 arctum

111 1410 253 1473 Solveret
267 1407 406 1493 hospitiis
420 1408 566 1471 animum.
612 1406 697 1481 Quid
713 1406 833 1472 multa?
854 1430 957 1493 neque
971 1407 1024 1473 ille

111 1494 249 1580 Sepositi
264 1494 372 1559 ciceris
386 1516 445 1557 nec
459 1493 561 1579 lougae
576 1492 687 1556 invidit
701 1515 817 1570 avenae,

109 1581 243 1645 Aridum
260 1594 292 1644 et
306 1603 358 1643 ore
374 1580 476 1644 ferens
490 1578 610 1643 acinum
627 1601 805 1664 semesaque
821 1579 897 1643 lardi
1003 1587 1044 1645 85

110 1665 223 1731 Frusta
237 1665 332 1743 dedit,
348 1665 476 1750 cupiens
491 1664 574 1729 varial
590 1664 712 1729 fastidia
725 1665 813 1729 coend

109 1752 247 1816 Vincere
262 1752 418 1843 tangentis
432 1751 511 1815 male
526 1750 573 1815 siu
597 1750 649 1814 ula
663 1750 757 1815 deute
771 1751 921 1837 superbo:

110 1838 219 1913 Quum
236 1849 321 1923 pater
336 1838 402 1924 ipse
417 1837 525 1901 domus
540 1859 560 1922 p
591 1837 628 1901 ed
645 1850 802 1922 porrectus
816 1838 848 1901 in
863 1838 960 1904 hornis

109 1924 204 1989 Esset
218 1925 291 1988 ador
306 1923 485 2008 loliumque,
501 1922 587 2008 dapis
604 1922 730 1987 meliora
744 1925 931 2010 relinquens.

108 2010 253 2074 Tandem
277 2010 410 2074 urbanus
442 2009 480 2073 ad
513 2009 603 2085 hunc,
629 2009 714 2085 Quid
747 2023 778 2075 te
803 2012 902 2097 juvat,
932 2011 1043 2096 inquit,

194 2097 302 2173 amice,
1002 2104 1044 2160 90

111 2182 267 2268 Praerupti
280 2183 415 2246 nemoris
430 2180 597 2267 patientem
614 2181 717 2245 vivere
732 2181 847 2247 dorso?

109 2269 168 2331 Vis
184 2282 217 2333 tu
232 2268 371 2333 homines
387 2268 555 2352 urbemque
571 2267 644 2331 feris
658 2290 837 2355 praeponere
850 2268 959 2333 silvis?

110 2355 215 2438 Carpe
231 2355 320 2430 viam,
337 2353 527 2429 mihicrede,
545 2375 667 2429 comes3
688 2353 844 2419 terrestria
858 2354 981 2439 quando

109 2440 263 2506 Mortales
277 2440 394 2505 animas
409 2441 518 2503 vivunt
531 2440 647 2516 sortita,
663 2462 765 2524 neque
781 2440 844 2505 ulla
857 2453 905 2505 est

109 2529 178 2591 Aut
192 2549 305 2612 magno
319 2540 373 2590 aut
387 2548 480 2611 parvo
495 2524 548 2589 leti
563 2525 657 2612 fugax
681 2548 753 2610 quo,
769 2525 858 2612 bone,
875 2526 965 2605 circa,
1003 2534 1043 2592 95

107 2612 198 2676 Dum
213 2612 295 2689 licet,
312 2612 343 2675 in
359 2613 451 2675 rebus
460 2611 607 2698 jucundis
623 2611 692 2676 rive
710 2613 816 2676 beatus
825 2636 834 2689 ;

108 2698 191 2761 Vive
206 2720 333 2774 memor,
350 2720 442 2783 quam
457 2698 498 2763 sis
512 2697 570 2763 aevi
586 2697 697 2762 brevis.
743 2698 822 2763 Haec
837 2699 890 2764 ubi
904 2700 986 2766 dicta

108 2790 276 2871 Agrestem
292 2784 450 2869 pepulere,
466 2783 557 2849 domo
572 2783 648 2848 levis
663 2784 784 2860 exsilit3
806 2785 882 2849 iude'

107 2871 214 2934 Ambo
229 2869 418 2957 propositum
434 2882 587 2955 peragunt
600 2870 668 2947 iter,
687 2869 769 2933 urbis
783 2886 909 2937 aventes

108 2956 233 3021 Moenia
247 2956 389 3021 nocturni
403 2956 579 3041 subrepere.
622 2956 756 3041 Jamque
771 2957 896 3022 tenebat
951 2956 963 2976 ⁸
985 2963 1043 3024 100

107 3042 184 3107 Nox
198 3042 335 3105 medium
349 3041 420 3107 coeli
433 3042 576 3127 spatium,
593 3064 690 3126 quum
705 3042 793 3126 ponit
807 3056 938 3131 uterque

107 3129 148 3193 In
164 3128 318 3214 locuplete
332 3128 423 3192 domo
439 3127 585 3277 vestipim
607 3127 700 3191 rubro
715 3127 770 3192 ubi
784 3151 874 3195 cocco

107 3214 225 3279 Tincta
238 3236 331 3299 super
345 3215 440 3278 lectos
454 3236 510 3278 ean
533 3227 600 3279 eret
615 3213 707 3279 vestis
721 3213 862 3292 eburnos,

103 3300 277 3385 Multoque
291 3301 330 3363 de
345 3300 458 3386 magud
472 3315 668 3385 superessent
682 3300 798 3364 fercula
812 3303 910 3379 coend,

106 3386 192 3462 Quae
207 3386 313 3471 procul
327 3386 489 3450 exstructis
503 3386 625 3451 inerant
639 3385 782 3451 hesterna
797 3388 943 3453 canistris.
983 3392 1042 3453 los

107 3471 196 3559 Ergo
213 3472 266 3537 ubi
280 3474 435 3557 purpured
450 3484 624 3556 porrectum
638 3471 671 3535 iu
687 3484 772 3536 veste
786 3471 898 3537 locavit

106 3564 287 3647 Agrestem,
302 3557 399 3625 veluti
412 3557 585 3624 succinctus
599 3556 725 3623 cursitat
738 3556 858 3643 hospes,
