2442 4059
136 241 141 252 '
189 262 253 330 278
521 266 800 316 tuaanrnatsaro.
1033 266 1127 331 [enee.

189 418 284 465 modum
306 416 353 463 late
374 415 683 481 aperto.'—[Parturleat]
709 418 856 479 proverbium
877 418 997 465 Graecum:
1022 414 1127 467 Ὤδινεν

189 480 256 545 ὄρος·
269 480 321 529 εἶτα
333 484 384 543 μῦν
395 478 525 529 ἀπέτεκεν·
542 485 637 530 ductum
648 498 677 530 ex
689 484 744 530 noti
754 484 839 529 fabellis
850 484 953 544 AEsopii.

223 546 356 595 lat—145.
374 545 432 609 [Dic
450 546 516 607 mihi]
545 550 573 594 ln
592 550 649 595 duos
670 564 706 594 vv.
723 549 838 594 contraxit
857 549 968 607 Odysseae
986 548 1126 594 exordium:

184 605 281 673 'Avdpa
303 626 345 673 μοι
368 610 467 670 ἔννεπε,
483 612 580 669 Μοῦσα,
598 609 770 677 πολύτροπον,
791 610 821 668 ὃς
841 611 911 674 μάλα
933 610 1019 659 πολλὰ
1037 609 1127 675 Πλάγ-

189 674 249 755 plin,
266 674 318 723 ἐπεὶ
338 676 427 737 Τροίης
448 672 514 738 ἱερὸν
537 676 687 740 πτολίεθρον
702 675 796 738 ἔπερσε.
816 676 926 723 Πολλῶν
945 673 966 722 δ’
982 674 1127 739 ἀνθράπυν

189 738 241 787 sdsv
260 740 338 787 dorsa
353 741 395 787 καὶ
414 738 475 789 νόον
492 740 563 803 ἔγνω.
594 743 642 788 cir.
660 744 718 803 Epp.
733 742 754 796 l,
765 744 788 796 D,
801 743 839 791 19.
849 739 1009 803 -[salgora]
1032 742 1127 803 Fulget,

188 806 268 851 lumen
279 805 381 851 subitum
396 815 419 852 et
431 808 508 853 oculos
525 809 695 867 praestringens,
712 821 767 853 mox
779 816 857 857 tamen
868 806 892 851 in
903 806 993 851 fumum
1005 807 1125 865 ingratam

186 870 309 923 desinens3
327 880 407 917 contra
418 872 456 917 lua
469 872 540 917 oculis
555 881 636 931 grata3
654 874 704 918 sine
720 871 835 930 imagine:
850 870 960 916 ‘initium
976 872 1125 930 splendidum

189 949 216 981 ao
232 949 303 995 prope
320 944 437 994 arrogans,
453 938 516 995 quod
534 936 621 997 exeipit
636 937 737 982 narratio
752 936 815 982 taedii
831 936 913 996 plena3
933 945 1013 982 contra
1029 935 1124 981 initium

171 1009 172 1013 ’
188 998 287 1060 simplex
299 1008 322 1045 et
333 1012 404 1061 prope
416 1002 512 1060 humile,
525 1002 587 1059 quod
598 1001 698 1061 egregie
708 1001 852 1047 narrationes
862 1000 1006 1061 sequuntur)
1018 1024 1051 1035 —
1060 997 1123 1061 [epe-

187 1063 402 1126 ot'osn-mirooula]
425 1062 566 1128 ίθαύματα,
586 1063 736 1128 φαντασίας,
755 1066 889 1125 inquibus,
911 1064 955 1110 etsi
976 1073 1031 1110 sunt
1051 1066 1124 1110 mira·

188 1130 279 1184 culosae,
300 1138 326 1175 ut
341 1144 392 1189 quse
406 1141 484 1176 narrat
500 1132 528 1175 de
541 1132 677 1189 Antiphate,
695 1130 871 1189 Laestrygonum
888 1144 950 1186 rege,
969 1130 1015 1174 Od.
1027 1129 1056 1175 K.
1070 1129 1124 1186 100,

189 1194 218 1240 de
230 1194 309 1253 Scylla
323 1203 347 1240 et
357 1194 475 1255 Charybdi
494 1197 537 1241 Od.
551 1196 583 1240 M.
594 1196 634 1250 db,
653 1196 682 1241 de
693 1196 794 1255 cyclope
812 1193 955 1248 0111187,
971 1194 1035 1239 inest
1044 1202 1123 1240 umen
1200 1239 1201 1242 ,

188 1258 376 1345 verisimilitudo
392 1260 487 1319 poetica.
522 1261 589 1306 Tales
603 1269 682 1306 autem
699 1260 842 1306 narrationes
859 1260 922 1320 apud
940 1258 1045 1317 Dyolicos
1059 1259 1123 1305 haud
1200 1287 1201 1294 κ

188 1336 358 1448 mmmm
368 1390 465 1435 reditum
479 1385 607 1450 Diomedia]
627 1387 805 1435 “Antimachus
819 1386 864 1434 fult
876 1388 976 1447 cyclicus
986 1396 1068 1448 poetar
1085 1387 1123 1433 hle

184 1453 311 1511 adgressus
321 1462 356 1499 est
367 1453 494 1509 materiam,
510 1468 580 1513 quam
591 1455 624 1499 sic
634 1453 746 1509 extendit,
763 1465 789 1500 ot
800 1452 882 1512 viginti
893 1461 992 1511 quatuor
1003 1452 1122 1498 volumina

188 1517 326 1577 impleverit,
354 1526 478 1577 antequam
500 1526 588 1578 septem
609 1520 680 1564 duces
701 1532 775 1577 usqne
795 1519 826 1564 ad
848 1518 939 1563 Thebas
960 1517 1121 1577 perduceret.”

188 1582 271 1642 Porpls.
306 1583 406 1627 Notatur
429 1582 467 1628 hic
490 1582 631 1638 Antimachi,
654 1582 755 1629 Platonis
774 1581 871 1641 equalis
893 1580 957 1641 (ante
978 1583 1034 1628 Chr.
1052 1580 1120 1640 sco),

188 1646 298 1701 Thebais,
310 1648 403 1705 longum
416 1648 509 1707 quidem
527 1662 553 1694 ac
565 1648 674 1693 diiihtum
689 1660 780 1707 poema,
798 1649 839 1693 sed
855 1655 932 1692 tamen
945 1646 1036 1704 magnis
1045 1647 1120 1692 virta-
1200 1653 1201 1676 l

188 1711 250 1757 tibus
265 1726 311 1757 uon
328 1726 415 1758 carens.
433 1712 481 1759 Cir.
492 1713 590 1763 Quintil.
604 1713 625 1767 l,
639 1711 677 1767 lo,
692 1712 731 1757 63.
766 1715 782 1737 ‘⁴
794 1711 947 1757 Antimachus
964 1711 1035 1757 nimia
1052 1711 1120 1771 longe

187 1774 281 1835 repetiit
291 1776 362 1821 finem
374 1777 444 1823 totius
455 1777 597 1832 actionis‚id
611 1786 654 1832 eat,
674 1776 793 1821 Diomedia
803 1776 828 1821 in
840 1776 951 1822 Aitoliam
967 1784 1019 1835 post
1032 1776 1119 1836 Epigo-

186 1853 272 1885 norurn
287 1840 404 1886 victoriam
416 1842 524 1897 reditum,
542 1844 571 1888 ab
588 1841 684 1887 interitu
698 1840 809 1900 Meleagri
823 1855 864 1901 per
874 1840 967 1886 letalem
978 1839 1047 1885 illum
1056 1839 1120 1886 titio·

187 1917 241 1949 uem
258 1904 288 1951 ab
299 1905 392 1951 Althaea
406 1916 478 1952 matre
494 1906 645 1953 crematum.”
677 1906 731 1952 ,lam
748 1906 817 1966 modo
831 1906 897 1951 nohis
907 1905 987 1963 ignoto
1004 1918 1058 1951 curn
1070 1906 1120 1951 lie·

187 1968 259 2027 leagri
277 1984 333 2015 neoc
350 1972 471 2029 conjunxit
490 1971 565 2031 Tydei
583 1971 680 2017 erilium
697 1985 711 2017 e
727 1970 855 2030 Calydone,
874 1970 1048 2015 matrimonium
1067 1984 1119 2015 oum

188 2032 288 2094 Deipyle
308 2033 402 2080 Adrasti
423 2035 477 2089 fitia,
496 2035 668 2095 expeditionem
686 2036 798 2081 adversus
813 2035 913 2089 Thebas,
932 2043 1031 2079 mortem
1047 2030 1119 2096 (stae

185 2097 210 2155 8,
221 2097 288 2159 717),
307 2098 331 2144 in
348 2100 395 2159 qua
410 2100 462 2159 ipsi
481 2100 607 2160 Menalippi
626 2101 732 2146 occisoris
750 2108 821 2159 eaput
835 2099 946 2155 corrosit;
960 2098 1046 2144 deinde
1061 2113 1118 2157 qno·

189 2164 258 2209 modo
277 2164 400 2209 Diomedes
417 2166 488 2223 patris
507 2166 645 2211 occisionem
663 2165 688 2210 ln
708 2165 780 2210 altera
794 2165 927 2218 Thebarum
948 2164 1119 2223 expugnati0oe

185 2242 229 2287 per
241 2228 360 2288 Epigonos
370 2228 430 2275 laeti
442 2232 510 2285 ultus,
525 2239 595 2289 atque
607 2232 637 2275 ab
648 2228 782 2275 Alcmaeone
792 2229 817 2274 in
829 2226 940 2275 AEtoliam
950 2228 1073 2274 restitutus
1081 2227 1118 2284 sit,

186 2301 214 2337 ut
234 2294 389 2349 Thersander,
410 2295 525 2353 Polynicis
547 2295 617 2349 lilius,
645 2294 701 2339 item
723 2293 820 2339 feliciter
842 2292 934 2338 Thebae
955 2292 1041 2344 rediit;
1066 2292 1119 2338 laiac

184 2357 281 2403 demum
302 2358 425 2405 Diomedes
442 2374 495 2405 oum
517 2359 598 2405 ceteris
618 2358 713 2405 Achivis
735 2359 909 2417 Agamemnone
930 2358 989 2403 duce
1010 2358 1118 2403 adversus

108 2425 113 2435 ’
187 2420 281 2481 TroJ'am
300 2423 415 2482 profectus
434 2432 482 2479 est3
501 2424 541 2470 sed
559 2426 610 2485 ejus
624 2424 713 2469 reditus
729 2438 744 2468 a
756 2423 827 2483 moja
842 2431 908 2468 extra
927 2421 1055 2468 Thebaidis
1070 2436 1118 2467 am·

184 2485 260 2531 bitum
271 2485 329 2532 situs
340 2496 398 2533 erat.

220 2549 273 2605 147.
291 2548 354 2612 [Nec
362 2548 461 2613 gemino]
479 2554 486 2578 ‘
496 2553 578 2612 Neque
589 2565 644 2598 vero
651 2552 741 2598 orditur
750 2552 838 2598 bellum
847 2549 973 2610 Trojanum
984 2552 1014 2596 ab
1023 2551 1118 2597 Helene

184 2615 317 2674 prodigioso
328 2617 410 2676 partu!
444 2618 472 2662 V.
481 2614 569 2678 gentina
579 2616 671 2663 videtur
679 2616 842 2677 explicandum
851 2629 903 2662 cam
911 2615 987 2661 Schol.
995 2616 1117 2674 Rhenaag.

186 2678 288 2726 inedito:
306 2681 421 2739 “tupiter
431 2696 484 2727 cum
501 2683 565 2727 hedi
582 2682 606 2727 in
618 2681 694 2742 specie
706 2681 776 2741 cygni
785 2681 918 2733 concubuit.
951 2680 1010 2725 lude
1020 2680 1062 2725 illa
1073 2680 1117 2725 doo

185 2756 229 2789 ova
250 2744 340 2803 posuit3
362 2760 391 2791 ex
414 2746 486 2792 altero
509 2748 590 2793 Pollux
611 2755 635 2792 et
656 2746 745 2801 Castor,
766 2759 796 2791 ex
815 2745 888 2791 altero
911 2745 1002 2790 llelena
1020 2743 1117 2791 exirit.”

188 2808 285 2853 Helena
301 2818 400 2869 partum,
417 2820 444 2857 ut
458 2812 576 2871 probabile
588 2819 631 2867 est,
648 2810 712 2858 haud
722 2810 800 2871 procul
811 2812 842 2855 ab
852 2810 949 2855 exordio
958 2812 1118 2855 memorabant

184 2872 288 2918 carmina
300 2875 394 2933 cypria,
411 2891 463 2934 quae
475 2877 565 2921 Stasino
581 2876 617 2921 vel
630 2876 747 2935 Hegesiae
760 2875 902 2928 tribuuntur,
919 2875 981 2932 apud
997 2873 1117 2928 Athemd,

185 2950 207 2995 p.
218 2936 274 2991 334,
290 2939 332 2984 (λι
356 2940 413 2994 Τοῖς
432 2936 457 2985 δὲ
475 2939 537 3003 μετὰ
555 2938 676 3003 τριτάτην
694 2935 801 2996 Ἑλένην
820 2935 881 2998 τέκε,
898 2936 981 3000 θαῦμα
1076 2939 1117 2983 ’σι’

186 2997 240 3059 Τήν
257 3016 317 3048 ποτε
335 3002 485 3067 καλλίκομος
497 3003 602 3067 Νέμεσις
612 3002 728 3069 φιλότητι
738 3004 840 3068 μιγεῖσα
851 3003 920 3062 Ζηνὶ,
930 3000 994 3049 θεῶν
1042 3002 1118 3061 σιλῆι,

183 3062 237 3113 τέκε
248 3068 370 3128 κρατερῆς
382 3064 423 3115 ὑπ’
435 3066 556 3131 ἀνάγκης.

220 3131 352 3179 lta-tol.
372 3130 497 3195 [festinat]
516 3137 562 3181 ‘ita
583 3134 694 3195 procedit,
711 3141 738 3179 ut
754 3147 873 3192 nunquam
891 3131 1066 3192 rhapsodiamm
1077 3145 1115 3177 aa·

185 3196 256 3241 ordiis
268 3196 410 3257 epilogisque
421 3206 444 3243 et
458 3197 644 3257 degressiouibsrs
655 3199 830 3259 supervacaneis
839 3212 865 3243 se
876 3197 925 3257 ipse
934 3195 1040 3257 implicet
1049 3205 1116 3256 atqua

185 3260 400 3373 illailla?
415 3264 506 3373 lit
519 3261 599 3375 'f'ir‘
609 3264 681 3374 lt:
682 3273 692 3310 1
709 3264 782 3373 'till
797 3276 853 3372 {ll
854 3261 931 3373 ll?
933 3261 1116 3388 1,μέρῖ

184 3360 329 3452 Ὁμηρικός.
362 3360 473 3441 odirent.
490 3392 512 3447 a.
527 3362 563 3447 ιο,
582 3362 618 3449 ri,
636 3343 724 3439 sarp‘dd
740 3394 814 3438 οοοο
830 3340 989 3451 seneffia,
1004 3392 1045 3436 aar
1060 3357 1116 3437 κατ’

161 3504 163 3513 A
185 3454 305 3501 Homerico
320 3472 332 3502 e
347 3458 427 3503 mediis
440 3458 475 3503 vel
489 3459 580 3504 ultimir.
593 3481 625 3491 -
635 3455 761 3518 [Desperat
778 3454 890 3515 tractata]
906 3455 1017 3501 ‘Omittit
1032 3455 1114 3509 omnia,

185 3532 239 3577 quea
249 3534 279 3565 ex
296 3534 337 3565 suo
349 3535 418 3567 sensu
434 3536 487 3567 vere
498 3522 587 3581 poetico
604 3525 697 3568 tractari
714 3523 768 3567 Meo
778 3535 824 3566 non
837 3522 930 3575 debent,
941 3519 997 3579 quia
1007 3519 1073 3565 nulla
1081 3533 1114 3565 ara

186 3581 215 3626 iis
225 3583 326 3639 nitorem,
341 3584 365 3629 id
381 3596 424 3641 est,
435 3594 543 3631 ornatam
554 3600 580 3632 ac
593 3595 745 3643 venustatem,
755 3586 858 3645 praebere
872 3594 954 3645 potest,
970 3584 1050 3643 itaque
1060 3583 1114 3629 fines

186 3646 262 3705 poesis
279 3661 398 3707 nunquam
417 3650 556 3709 migrat.'-
566 3648 699 3711 [mentm]
723 3650 818 3697 Aristot.
834 3650 897 3696 Poet.
911 3648 951 3705 24,
968 3648 1011 3696 Δεῖ
1025 3646 1073 3711 μὲν
1089 3644 1115 3695 iv
