2442 4059
154 214 196 274 70
372 229 616 273 arrsrouanum
638 214 882 287 1111.1.12,13.

377 486 542 531 EPISTOLA
564 488 721 531 xla-Al)
742 488 877 534 lCCIUM.

159 609 324 675 Fructibus
340 608 493 695 Agrippae
509 608 633 685 Siculis,
649 632 728 695 qnos
742 610 873 695 colligis,
891 608 965 685 Ioci,

159 698 195 761 Si
208 708 293 761 recte
308 696 428 771 frueris,
444 718 507 759 non
522 706 620 765 estut
634 696 722 781 copia
735 697 835 782 major

158 782 211 847 Ab
225 782 305 846 Jove
320 780 427 845 donari
442 782 538 867 possit
553 780 627 845 tibi:
651 781 725 846 tolle
741 781 902 868 querelas;

158 869 284 954 Pauper
298 868 383 931 enim
397 890 459 931 non
475 880 531 943 est,
548 868 598 931 cui
612 890 716 931 rerum
730 867 869 954 suppetit
882 889 965 931 usus.

160 954 195 1019 Si
210 954 310 1018 ventri
325 953 415 1030 bene,
431 955 458 1016 si
472 952 561 1018 lateri
576 967 625 1018 est
638 952 833 1039 pedibusque
847 953 919 1030 tuis,
935 952 981 1016 nil
1084 958 1104 1017 5

157 1040 288 1105 Divitiae
302 1052 449 1127 poterunt
462 1038 583 1125 regales
596 1039 710 1103 addere
725 1042 833 1141 majus.

160 1127 195 1191 Si
209 1127 289 1192 forte
303 1126 336 1188 io
352 1125 455 1189 medio
470 1125 639 1211 positorum
653 1125 821 1190 abstemrus
835 1124 939 1189 herbis

91 1262 94 1267 .
158 1213 247 1276 Vivis
262 1224 295 1277 et
308 1212 417 1287 urtica,
433 1212 477 1275 sic
491 1212 577 1275 vives
591 1222 750 1297 protenus,
765 1224 802 1276 ut
815 1224 848 1276 te

160 1298 334 1363 Confestim
349 1297 484 1383 liquidus
501 1296 648 1361 Fortunae
661 1298 746 1362 rivus
760 1298 902 1362 inauret:

159 1384 222 1448 Vel
236 1384 309 1468 quia
323 1396 464 1448 naturam
479 1395 597 1447 mutare
612 1383 747 1469 pecunia
760 1385 869 1461 nescit,
1065 1388 1105 1449 lo

159 1470 222 1535 Vel
236 1471 310 1556 quia
324 1482 436 1534 cuncta
450 1483 540 1556 putas
554 1470 617 1533 und
632 1469 747 1534 virtute
762 1471 890 1534 minora.

163 1556 326 1633 Miramur,
343 1557 368 1619 si
384 1555 559 1620 Democriti
574 1578 670 1642 pecus
685 1555 750 1620 edit
764 1556 882 1643 agellos

162 1641 329 1728 Cultaque,
342 1641 416 1705 dum
430 1664 562 1728 peregre
578 1654 626 1706 est
640 1641 761 1707 animus
776 1644 843 1706 siue
858 1664 985 1727 corpore
996 1641 1104 1720 velox3

162 1727 270 1803 Quum
286 1739 321 1792 tu
334 1728 417 1792 inter
431 1727 566 1791 scabiem
581 1738 699 1791 tantam
715 1738 748 1792 et
761 1728 906 1815 contagia
919 1728 998 1792 lucri

162 1813 219 1878 Nil
233 1836 361 1900 parvum
376 1812 485 1899 sapias,
502 1826 535 1877 et
548 1812 649 1877 adhuc
663 1813 806 1879 sublimia
820 1836 926 1879 cures:
1065 1818 1104 1879 15

162 1899 245 1975 Quae
260 1922 343 1964 mare
359 1913 555 1983 compescant
569 1922 669 1965 causae
678 1922 688 1975 3
711 1900 787 1985 quid
802 1911 955 1986 temperet
968 1922 1086 1965 annum
1095 1923 1105 1975 ;

163 1986 270 2052 Stellae
284 1998 394 2071 sponte
409 1986 476 2060 sud,
487 1985 625 2071 jussaene
639 1998 793 2073 vagentur
807 1996 840 2050 et
855 1996 978 2062 errent3

82 2142 85 2149 ,
163 2071 249 2147 Quid
265 2082 385 2156 premat
399 2070 562 2135 obscurum
579 2071 690 2147 Lunae,
707 2072 782 2158 quid
796 2072 932 2158 proferat
946 2071 1053 2136 orbem
1062 2095 1072 2149 3

163 2158 251 2234 Quid
265 2157 341 2222 velit
354 2168 388 2221 et
401 2157 497 2243 possit
510 2180 614 2221 rerum
629 2157 793 2222 concordia
806 2158 921 2222 discors
932 2182 941 2236 ;

163 2243 378 2331 Empedocles,
394 2267 434 2307 au
452 2243 634 2307 Stertinium
650 2243 761 2308 deliret
774 2266 915 2308 acumen.
1062 2248 1106 2310 20

162 2332 281 2396 Verum
296 2351 351 2394 seu
366 2330 468 2415 pisces
482 2352 537 2394 seu
575 2352 678 2394 orrum
693 2343 726 2394 et
740 2353 785 2394 cae
807 2354 825 2394 e
841 2330 984 2407 trucidas,
1060 2332 1065 2341 ’

163 2416 264 2482 Utere
281 2414 433 2501 Pompeio
448 2352 605 2502 Grospho,
622 2428 663 2494 et,
679 2416 705 2480 si
722 2353 806 2501 quid
812 2428 898 2502 petet
913 2416 1004 2492 ultro,

161 2502 282 2567 Defert
306 2501 352 2565 nil
368 2501 530 2587 Grosphus
544 2501 605 2565 nisi
619 2523 727 2565 verum
742 2501 842 2567 orabit
855 2514 887 2567 et
901 2524 1035 2587 aequum.

161 2588 242 2653 Vilis
256 2587 423 2651 amicorum
440 2598 488 2651 est
501 2608 633 2663 annona,
651 2586 740 2651 bonis
755 2587 808 2652 ubi
824 2588 899 2674 quid
913 2588 1010 2653 deest

161 2672 213 2738 Ne
227 2686 331 2739 tamen
345 2672 480 2766 ignores,
497 2694 559 2758 quo
574 2672 615 2736 sit
630 2672 772 2737 Romana
786 2674 853 2738 loco
867 2696 934 2739 res:
1062 2678 1107 2739 25

162 2759 320 2825 Cantaber
334 2758 499 2847 Agrippae,
514 2757 627 2822 Claudi
642 2759 756 2823 virtute
773 2759 908 2825 Neronis

162 2844 331 2910 Armenius
345 2844 473 2908 cecidit:
492 2846 546 2930 jus
560 2842 789 2931 imperiumque
806 2845 955 2911 Phraates

163 2930 294 2997 Caesaris
308 2930 428 3016 accepit
442 2930 576 3017 genibus
590 2931 710 2995 minor:
733 2954 828 2997 aurea
841 2933 948 3020 fruges

161 3016 261 3083 ltaliae
275 3017 369 3103 pleno
384 3016 526 3081 defundit
542 3015 644 3103 Copia
658 3039 764 3083 cornu.

287 3352 450 3413 Emsroua
472 3352 643 3398 xlm—AD
666 3356 798 3399 ulmum
820 3356 985 3402 assLLAM.

163 3467 211 3533 Ut
224 3466 470 3553 proficiscentem
485 3466 575 3531 docui
591 3478 622 3531 te
638 3490 721 3554 saepe
736 3469 863 3557 diuque,
938 3524 942 3530 .

164 3555 308 3639 Augusto
323 3554 433 3619 reddes
448 3552 570 3639 signata
580 3552 749 3638 volumina,
765 3555 873 3636 Viam,
