2442 4059
183 267 245 331 198
512 266 793 315 lNTElil’liliTATlo.
1026 262 1127 327 [urica.

182 418 279 479 castigat
290 427 314 465 et
324 418 459 466 adhortatur
469 418 498 464 ad
510 417 722 465 reconciliationem
732 418 813 479 gratiae
824 417 869 464 bac
878 416 1019 463 allocutione
1030 424 1064 474 ot,
1075 419 1126 472 bc,

181 499 230 546 prce
242 485 289 543 qui
300 482 370 530 nimia
380 485 475 542 languet
485 484 558 529 altera
568 485 637 530 lectio
647 499 682 530 ac.

216 548 319 596 33-36.
338 546 425 610 [rerum
441 545 544 610 inanitio]
563 549 660 598 ‘Quum
677 563 730 608 qum
745 549 857 594 alteruter
873 554 935 593 recte
953 554 1026 606 atque
1042 547 1126 593 ordine

182 613 270 660 iecerat
280 623 321 660 aut
332 614 428 669 dixerat,
442 613 500 659 ulter
511 613 568 660 falso
584 613 750 673 interpretatur
760 615 830 672 atque
840 613 865 658 in
876 626 943 658 auam
953 613 991 657 rel
1001 621 1125 658 contume-

183 679 240 724 liam
258 679 295 724 rel
313 677 422 738 iniuriam
442 677 528 724 iactum
545 678 676 738 opinaturr'
694 673 1127 738 (nbundaerrtanding.)—[1ndoaritd

184 739 282 804 ceruice]
299 742 447 804 Comparatio
457 743 556 803 repetita
566 745 596 790 ab
606 742 674 801 equir
684 741 757 804 (Epp.
769 743 789 798 l,
801 744 824 797 2,
834 739 888 803 64,)
904 752 928 787 et
943 741 1051 795 atauria,
1067 755 1127 800 quoe

184 808 261 854 Gracci
283 802 474 870 σκληραυχένας
491 815 515 854 et
535 805 697 870 ζυγομάχους
714 803 996 868 vocant-{ubicunque
1014 804 1126 866 loom}

186 873 224 920 Sic
239 872 301 918 redit
316 875 346 919 ad
358 872 451 918 initium
469 870 734 934 Epium—[suedan
751 869 871 932 Parcitur]
888 872 1047 929 ‘Ubicunque
1063 885 1127 917 nuuc

185 937 262 983 vivitis
272 951 320 993 roc,
338 952 396 998 quoa
413 938 509 983 minime
526 939 593 983 decet
607 938 716 983 amicitie
731 937 807 984 ioedaa
821 937 954 990 dierolvere,
972 936 1017 980 boc
1036 935 1126 990 scitote,

185 1017 231 1057 me,
246 1002 286 1061 qui
297 1017 337 1048 voa
354 1005 434 1048 ambos
451 1016 517 1062 reque
532 1002 612 1060 diligo,
631 1003 765 1048 unanimem
777 1010 879 1048 restrum
893 1000 996 1046 reditum
1006 1008 1128 1059 exoptare,

185 1075 209 1114 et
226 1067 280 1112 loeto
297 1066 408 1113 morificio
426 1067 596 1113 celebraturum
613 1082 671 1121 ecce,
689 1074 716 1113 ut
730 1066 839 1112 Numida
855 1066 902 1111 mei
914 1064 971 1124 (Od.
992 1064 1014 1117 1,
1031 1065 1074 1121 36,
1091 1066 1127 1125 2,)

185 1132 292 1191 quocirca
302 1133 373 1178 etiarn
384 1133 438 1178 med
447 1132 516 1178 nauci
527 1129 552 1177 in
562 1132 662 1191 gratiam
672 1132 735 1179 inter
744 1145 786 1178 roa
796 1131 872 1177 redire
883 1130 1046 1176 marnmbiria'

547 1277 706 1325 urtstota
721 1277 763 1324 1v.

219 1394 324 1441 Aaourt.
341 1393 448 1454 Epistola
462 1393 549 1453 scripta
563 1394 594 1439 ad
605 1393 702 1439 Albium
713 1391 842 1448 Tibullum,
854 1401 948 1453 poetam
963 1392 1128 1439 cuaricaimurn

186 1459 278 1519 cibique
292 1459 457 1504 amicissimum
469 1456 531 1520 (Cir.
548 1460 592 1504 Ori.
613 1459 635 1513 1,
650 1457 704 1517 33),
719 1459 760 1518 qui
776 1467 845 1504 natur
861 1457 953 1504 circiter
970 1469 1058 1503 mmo„
1070 1458 1126 1512 7011,

185 1533 291 1571 mortuus
302 1531 337 1569 eat
348 1539 368 1567 a.
380 1522 435 1578 735,
446 1531 487 1569 aut
496 1531 616 1582 sequente.
640 1522 728 1569 Satira·
736 1531 815 1568 autem
828 1521 940 1568 Horatiae
950 1523 1044 1582 scripsit
1053 1537 1128 1582 unque

187 1587 218 1634 ed
230 1601 254 1634 a.
262 1599 285 1634 υ.
294 1599 316 1634 c.
327 1587 374 1642 727
381 1605 388 1641 r
400 1591 452 1647 lam
462 1603 515 1634 cum
527 1587 638 1648 permulti
652 1589 703 1647 ejus
718 1590 883 1634 obtrectatores
899 1595 969 1645 atque
986 1588 1060 1633 invidi
1076 1601 1127 1633 na·

186 1653 250 1712 ligne
261 1653 290 1698 de
301 1653 329 1698 iic
339 1652 481 1714 judicarent,
494 1653 600 1698 Tibulluo
612 1653 729 1711 integrum
740 1667 768 1698 ac
777 1666 859 1697 rernm
870 1652 985 1712 judicium
997 1652 1027 1697 de
1043 1652 1128 1699 iisdem

187 1718 248 1764 inter
254 1732 308 1763 auor
314 1718 408 1773 amicos,
414 1718 439 1763 in
447 1717 535 1778 primic,
544 1725 570 1763 ut
577 1718 683 1772 arbitror,
691 1718 753 1777 apud
758 1717 872 1763 fautorem
882 1717 1021 1772 Mercallam,
1028 1717 1127 1770 ieceratc

187 1782 220 1828 ric
232 1789 300 1828 notua
310 1781 420 1842 primum,
431 1782 517 1828 deinde
527 1781 649 1828 familiario
658 1781 733 1828 iactus
742 1797 794 1828 eoae
803 1782 895 1828 ridetur
906 1781 1013 1827 lloratio.
1049 1783 1128 1841 Atque

187 1855 282 1907 propter
298 1847 359 1892 hauc
374 1846 449 1907 ipram
465 1847 589 1894 satirarum
606 1847 750 1892 mentionem
766 1846 910 1906 probabilius
927 1854 962 1891 ert
977 1847 1059 1906 paullo
1076 1854 1129 1906 port

188 1913 282 1957 easdem
300 1910 374 1974 editur
391 1912 452 1957 hanc
467 1912 617 1972 componimur
634 1926 684 1958 ecoe
700 1911 829 1970 epietolam,
842 1911 867 1956 id
879 1919 922 1967 ert,
934 1923 1016 1956 nuc.
1030 1911 1080 1966 723
1090 1911 1128 1958 rel

188 1975 243 2035 729,
258 1990 336 2034 quam,
354 1984 381 2021 ut
397 1975 436 2022 alii
452 1975 541 2031 volunt,
558 1991 579 2022 a.
593 1975 642 2030 733
653 1977 688 2023 rel
704 1976 766 2031 7³43
783 1989 838 2021 uam
855 1985 907 2036 poet
922 1975 1063 2022 sexennium
1077 1975 1129 2022 iere

188 2041 247 2087 uibil
254 2041 304 2100 jam
315 2039 429 2086 attinebat
439 2055 568 2086 memorare
578 2039 717 2087 benevolum
728 2041 788 2086 illud
799 2041 922 2101 iudicium.

221 2107 244 2163 2,
255 2105 279 2152 3.
297 2102 374 2166 [Quid
390 2120 448 2151 nunc
463 2101 499 2165 te]
516 2104 592 2151 Amici
608 2119 698 2151 memor
712 2105 768 2151 vit·
783 2111 834 2166 etue
849 2105 964 2163 habitum,
973 2119 1045 2164 quern
1055 2107 1128 2166 probe

189 2179 264 2226 norat,
277 2185 324 2216 una
334 2169 379 2216 cibi
390 2169 414 2215 in
425 2179 528 2216 mentem
539 2179 646 2216 revocat:
663 2170 743 2221 ‘Quid
754 2170 830 2216 diem
839 2184 938 2224 mecum,
954 2171 1012 2229 quid
1026 2169 1127 2229 cogitem

188 2249 252 2282 nunc
268 2241 291 2282 te
306 2235 399 2281 iaceret
416 2249 480 2290 sane,
497 2243 523 2280 ut
537 2235 604 2290 acles,
620 2235 690 2281 ruodo
704 2235 769 2295 poeni
784 2233 896 2291 cadonio,
909 2236 980 2280 modo
990 2234 1127 2295 sapientire!

189 2300 279 2347 Pedum
296 2299 408 2361 oppidum
425 2300 486 2346 inter
505 2298 586 2353 Tibur,
602 2300 728 2355 Prnnecte,
745 2300 873 2346 Torculunr
889 2308 914 2346 et
930 2301 1038 2355 Romam,
1055 2313 1127 2360 prope

188 2366 250 2424 quod
260 2373 327 2410 erant
338 2365 425 2410 Tibulli
435 2363 523 2425 praedia
537 2373 636 2424 paterna
644 2371 669 2410 et
678 2365 748 2411 arita.
758 2389 791 2400 -
803 2362 884 2427 [Caeci
898 2361 1044 2425 Parmensis]
1057 2364 1128 2411 “Hic

187 2427 276 2488 aliquot
286 2429 411 2488 generibus
421 2431 509 2489 stylum
519 2429 637 2476 exercuit:
651 2429 712 2476 inter
720 2444 773 2490 quoe
782 2443 854 2490 opere
863 2430 966 2489 elegiaca
975 2439 1000 2474 ct
1009 2430 1128 2489 epigram·

188 2503 251 2540 mata
262 2495 311 2553 ejuc
327 2495 458 2542 laudantur.
492 2494 643 2554 Hiceobqui
658 2493 683 2540 in
700 2494 804 2555 partibor
815 2494 889 2540 Cassii
904 2504 929 2540 et
940 2494 1007 2539 liruti
1018 2494 1128 2540 tribunae
1209 2528 1210 2533 ,

189 2557 289 2603 militurn
302 2555 339 2618 (ut
352 2557 473 2620 lloratiuc)
485 2559 605 2605 militarit:
624 2559 709 2618 quibua
724 2559 791 2604 rictir
801 2559 906 2605 Athenae
921 2573 946 2605 re
956 2559 1063 2605 contulit.
1096 2559 1127 2609 Q.

189 2623 264 2667 Varur
274 2624 303 2668 ab
315 2623 442 2669 Octaviano
453 2624 545 2680 miscuo,
561 2631 588 2669 ut
601 2637 656 2669 eum
671 2623 820 2680 interficeret,
836 2625 969 2669 otudentem
983 2623 1088 2683 repperit
1103 2629 1129 2670 et

188 2695 308 2746 perempto
319 2701 346 2733 eo
353 2687 468 2752 'coricium
480 2703 532 2734 cum
543 2688 608 2734 libria
619 2688 681 2735 tulit.
715 2689 784 2734 Unde
794 2687 863 2734 multi
873 2689 1022 2734 crediderunt
1034 2688 1129 2748 Thyoe-

189 2760 236 2798 tem
249 2751 322 2797 emti
337 2753 468 2799 Parmensie
484 2753 563 2798 suinae.
587 2753 715 2813 scripserat
730 2753 793 2798 enim
810 2754 896 2799 multae
910 2753 967 2799 aliae
977 2753 1128 2809 tngoeoiaa’·

188 2817 265 2862 Acron
278 2823 302 2863 ct
312 2817 396 2877 Porpb.
422 2817 596 2878 (Confuderunt
607 2818 742 2864 Scholiasta
754 2819 783 2868 Q.
795 2818 878 2864 Varum
888 2826 913 2864 et
923 2817 952 2863 t.
967 2815 1083 2879 Varium.)
1095 2841 1130 2852 -

190 2877 319 2942 [opusculo]
339 2883 398 2927 Sunt
412 2883 515 2929 carmina
530 2883 629 2940 minora,
640 2883 723 2942 elegiae
733 2891 757 2928 et
768 2883 944 2943 epigrammata,
954 2891 981 2928 ut
991 2883 1057 2942 apud
1068 2882 1129 2928 rttn.

189 2946 249 3006 Epp.
261 2945 283 3001 8,
295 2946 334 2999 21,
347 2947 418 2994 Liber
429 2946 515 3007 (meuc,
526 2962 596 3007 quem
607 2945 715 3008 recitari)
725 2944 777 3006 fuit
791 2954 816 2994 et
831 2949 944 3009 operm
953 2950 1033 2994 ocriae
1048 2954 1072 2994 et
1081 2961 1130 2994 aaa·

189 3011 238 3056 trio.
271 3010 405 3057 Admodum
416 3026 472 3071 ergo
483 3012 577 3058 suerunt
588 3012 705 3072 elegantia
719 3026 747 3059 ac
756 3020 866 3066 renuatur
883 3011 988 3071 alioquin
1005 3011 1025 3057 ia
1042 3011 1085 3071 qui
1101 3026 1131 3058 ea

187 3083 325 3136 inpetraret,
337 3075 430 3121 laudem
442 3090 488 3122 non
501 3077 632 3123 meruiraet.
665 3077 734 3127 Quod
746 3077 852 3123 nonnulli
863 3077 970 3122 Cuccium
985 3078 1129 3136 reprebendi

188 3142 217 3186 ab
231 3139 328 3185 Horatio
341 3139 379 3185 vel
396 3140 439 3187 hoc
455 3151 516 3188 certe
531 3143 579 3187 dici
593 3143 778 3188 contenderunt:
790 3145 805 3168 ⁸⁸
814 3141 930 3188 Scribiene
943 3150 972 3186 tu
986 3155 1054 3201 opua,
1065 3143 1131 3203 quod

187 3205 296 3251 raautate
306 3205 349 3250 eui
359 3203 437 3250 vincat
448 3206 519 3252 etiam
529 3214 595 3252 rasta
606 3205 681 3253 cancii
695 3207 806 3266 opuscula
813 3206 843 3251 i”
854 3206 910 3252 inde
919 3217 998 3252 ortum
1008 3214 1052 3261 eat,
1066 3207 1130 3266 qood

187 3269 251 3317 hunc
263 3268 368 3316 Caurium
381 3269 528 3316 l’armenrem
541 3271 696 3318 confuderunt
707 3285 759 3318 cum
771 3271 852 3317 caceio
864 3271 970 3326 Etcum,
981 3271 1045 3317 mulo
1059 3279 1130 3332 pocta

187 3343 211 3381 et
221 3330 450 3396 rroluypnpordrqr.
483 3337 530 3381 Sat.
544 3335 564 3388 1,
578 3335 616 3390 10,
626 3335 665 3382 26.

219 3399 242 3444 4.
261 3395 380 3460 [tacitum]
393 3398 505 3444 ‘infixum
515 3399 651 3457 cogitationi
665 3401 695 3446 de
708 3400 807 3460 pulchro
822 3408 846 3445 et
862 3399 969 3455 bonerto,
983 3399 1015 3446 de
1031 3399 1083 3446 vira
1098 3399 1131 3447 ad

187 3461 340 3523 philoropbiae
357 3470 473 3524 praecepta
490 3463 670 3509 conformandi.¹
682 3488 716 3499 -
727 3461 846 3526 [reptare]
866 3464 931 3510 ‘aine
949 3472 1013 3510 certo
1030 3465 1130 3511 concilio

189 3535 212 3570 et
231 3529 297 3573 tardo
319 3529 409 3575 tneeuu
426 3528 602 3588 perambulare)
612 3551 646 3562 ·-·
657 3525 785 3590 [mama]
797 3538 891 3589 propter
911 3529 985 3586 frique
1001 3543 1130 3590 aeremque

188 3603 279 3648 purum.
298 3593 345 3638 cn.
362 3593 422 3653 lipp.
433 3594 456 3647 2,
469 3593 491 3647 2,
505 3590 543 3647 77.
578 3592 686 3638 Tibullue
701 3593 751 3653 ipre
767 3597 797 3638 de
813 3607 845 3648 te,
857 3593 880 3648 A,
896 3593 932 3649 13,
943 3595 967 3647 9,
985 3593 1024 3638 Sic
1034 3609 1079 3655 ego
1091 3610 1130 3642 rc·

186 3656 255 3700 cretio
263 3670 351 3715 porrum
363 3659 416 3705 benc
426 3660 500 3705 cinere
509 3658 580 3712 riluin
592 3658 644 3707 Quo
654 3658 718 3704 nullo
727 3660 823 3704 domno
832 3660 864 3705 rit
873 3660 912 3706 oio
922 3660 980 3704 trito
991 3659 1061 3719 pede.

1201 3788 1207 4021 l
