2442 4059
298 679 524 745 EPISTOLA
547 678 612 744 AD
636 679 838 745 PISONES.

461 904 631 915 ...n-—

129 1057 236 1103 uacua.
255 1057 290 1103 De
301 1056 424 1104 Pisonibur
438 1056 488 1105 haec
502 1057 573 1103 tradit
584 1057 713 1117 Porphyrio
729 1066 754 1103 et
763 1058 853 1103 Corum.
865 1057 935 1118 Cruq.
947 1072 971 1119 p.
981 1057 1036 1113 695,

95 1124 103 1147 ⁸
113 1122 185 1169 Hunc
194 1122 288 1176 librum,
300 1120 340 1181 qui
351 1122 485 1169 inscribitur
495 1123 525 1169 de
535 1125 591 1169 Arte
599 1122 693 1169 Poeticd
703 1123 734 1168 ad
744 1122 769 1168 L
781 1122 896 1176 Pisonem,
908 1122 946 1181 qui
959 1133 1040 1182 portet

97 1186 162 1233 urbia
173 1196 251 1233 custos
265 1185 316 1245 luit,
332 1189 428 1247 ejusque
445 1188 529 1233 liberos
545 1187 615 1233 mitit.
650 1188 710 1233 Nam
721 1196 744 1233 et
756 1188 805 1246 ipre
817 1186 869 1232 Piao
880 1197 949 1246 poeta
959 1187 1004 1233 luit
1014 1195 1039 1233 et

97 1251 230 1297 studiorum
242 1252 371 1297 liberalium
383 1251 494 1297 antistes.¹
520 1252 579 1302 Quae
589 1253 619 1298 de
629 1252 673 1298 boc
684 1253 733 1298 viro
744 1252 836 1308 ecimus,
848 1252 898 1297 brec
909 1251 956 1297 lere
967 1260 1036 1297 runt:

99 1316 177 1363 Tacit.
188 1318 250 1361 Ann.
262 1316 285 1371 6,
298 1316 335 1372 10,
347 1329 404 1363 mu.
413 1329 434 1363 ο.
445 1314 499 1371 785.
518 1318 614 1364 1,.Ρῑω
627 1314 735 1377 pontific,
752 1332 831 1363 rorant
846 1318 871 1363 la
884 1318 951 1363 tontd
968 1317 1038 1362 olori-

98 1382 187 1437 ttrdr'rra,
199 1377 254 1440 suto
272 1382 335 1436 odiit,
354 1383 439 1429 nulline
454 1383 542 1429 aerullt'r
559 1385 677 1429 samaa
695 1389 773 1442 sponte
790 1388 869 1428 artem
887 1388 917 1435 at,
938 1383 1039 1441 quotiens

98 1448 223 1493 nutritor
242 1448 364 1506 ingrueret,
382 1448 497 1506 sapienter
515 1448 639 1493 moderarer.
672 1447 765 1493 Patren
783 1448 805 1493 ri
826 1449 949 1493 moriam
962 1444 1039 1506 suirre

98 1514 228 1558 moui.
261 1509 327 1570 (Ubi,
343 1508 496 1571 ignoramus.)
523 1512 593 1559 AEtur
608 1512 641 1557 od
655 1513 810 1571 octogesimum
825 1526 908 1557 onnam
922 1512 1040 1570 procerrr't,

98 1576 170 1623 &carr
181 1577 317 1635 triumphale
327 1578 351 1623 t'rt
364 1576 462 1623 Tlrrooid
473 1582 591 1623 meruerat.
619 1576 666 1623 Sed
677 1578 794 1636 praecipuo
809 1591 837 1622 er
853 1590 878 1622 eo
891 1576 967 1635 glorio
980 1576 1040 1637 quod

95 1636 222 1701 projectu
230 1642 282 1687 urbi
292 1655 368 1687 rerem
375 1643 502 1687 continuom
510 1647 643 1700 potrrtatera
651 1647 674 1687 et
681 1642 801 1687 insolentia
807 1641 905 1700 poreudr'
913 1644 1040 1700 grauior-era
1107 1654 1109 1660 ·

99 1708 158 1752 taire
169 1707 308 1765 temperarit.
326 1706 421 1766 Propter
432 1706 475 1751 bac
486 1704 628 1765 praefectura
639 1705 702 1751 urbia
712 1705 937 1751 adminiatntionern
948 1705 1040 1764 magni·

100 1770 157 1815 licat
169 1771 249 1815 laudea
260 1768 281 1816 ei
293 1769 374 1815 tribuit
385 1770 519 1824 Velleiuaz
531 1770 570 1817 98.
587 1771 674 1816 Conrul
686 1779 764 1815 autem
774 1769 820 1815 tuit
828 1770 939 1815 auffectur
951 1783 976 1816 a·
984 1783 1008 1816 υ.
1017 1782 1040 1817 c.

99 1834 158 1889 739.
193 1836 247 1879 Pott
262 1835 407 1880 consulatum
423 1835 525 1881 obtinuit
544 1835 704 1895 Pamphyliam
720 1834 869 1895 provinciam,
887 1836 951 1881 unde
967 1850 1040 1894 quum

100 1911 127 1945 a.
137 1911 162 1945 u.
172 1910 195 1945 c.
208 1899 263 1955 743,
274 1909 355 1945 contra
368 1900 450 1945 Reaeor
466 1909 490 1945 et
506 1898 602 1945 Sialetae
621 1900 707 1945 bellum
722 1913 802 1957 gerere
815 1902 895 1958 juarur
912 1909 980 1955 estet,
998 1901 1040 1946 boa

99 1971 156 2024 poet
165 1964 229 2010 rarla
239 1963 320 2023 proelia
331 1964 469 2017 debellavit;
487 1972 581 2023 propter
592 1978 650 2023 quar
661 1978 697 2009 rea
707 1964 806 2010 feliciter
821 1974 898 2024 metae
912 1964 933 2010 ei
950 1965 1039 2024 anppli-

100 2028 165 2075 cutio
175 2036 200 2077 et
214 2030 313 2074 bonores
328 2029 479 2089 triumphales
495 2029 582 2075 decreti
600 2039 661 2075 sunt.
681 2029 724 2074 Dio
735 2031 774 2086 dl,
786 2028 825 2076 3⁰.
843 2029 938 2083 ttoni,
951 2028 1040 2085 1216.

101 2093 159 2139 lam
176 2106 248 2152 quum
264 2094 344 2139 Artem
362 2094 477 2141 Poeticam
489 2108 531 2139 nor
547 2109 640 2153 quoquc
655 2094 764 2139 ultimum
782 2095 820 2139 vel
838 2104 899 2140 certe
919 2108 991 2139 unum
1009 2108 1039 2139 ex

102 2158 193 2203 ultimis
205 2158 385 2205 Horatianorum
402 2173 499 2218 operum
514 2172 563 2205 ease
576 2158 709 2218 judicemur
724 2167 795 2217 atque
805 2158 867 2203 intra
876 2172 950 2203 annon
960 2157 1038 2211 743-

102 2221 153 2277 746
163 2222 312 2282 compositam
324 2223 470 2273 arbitremur,
477 2222 552 2269 artatir
560 2233 584 2269 et
594 2223 666 2283 patria
674 2230 697 2268 et
706 2223 805 2269 liliorum
815 2222 927 2267 rationem
936 2221 1042 2268 ineamus

103 2301 199 2333 ueceete
218 2297 259 2334 est.
293 2288 380 2335 Natum
397 2288 469 2346 igitur
481 2288 507 2333 L.
521 2288 628 2334 Pisonem
645 2302 674 2333 ex
687 2288 767 2334 Tacito
782 2288 867 2332 acimua
884 2298 970 2333 a.u.c.
985 2286 1044 2345 705,

102 2352 222 2399 consulem
244 2364 266 2398 rt.
278 2364 330 2399 uc.
351 2352 406 2409 739,
424 2367 496 2398 annor
514 2360 594 2399 natum
612 2364 701 2408 xxxiv,
719 2352 782 2397 intra
800 2363 888 2397 mmo.
904 2350 1040 2406 tta-746.

102 2430 179 2463 annoa
198 2428 388 2465 xxxviii—xit.
421 2416 511 2469 Quodsi
529 2416 658 2465 vicenariur
680 2431 775 2463 uxorem
793 2416 862 2461 duxit
880 2428 966 2462 amc.
986 2415 1042 2471 725,

104 2484 224 2541 muJ‘orque
235 2482 335 2528 filiorum
348 2490 415 2528 natue
426 2491 461 2528 est
470 2482 585 2541 requenti,
597 2482 679 2528 iirdem
691 2481 737 2528 illir
745 2481 819 2527 tribua
828 2480 896 2526 annia
907 2481 1041 2527 adolescen-

104 2548 169 2593 tulua
180 2554 230 2593 erat
241 2558 370 2593 xvir-xx.
381 2561 504 2601 annorum,
521 2549 568 2606 qui
579 2555 649 2593 etate
662 2560 703 2593 cur
713 2546 743 2593 ad
757 2546 847 2606 poetica
862 2546 940 2591 atudia
949 2546 1041 2593 incum-

104 2613 161 2659 bere
173 2626 220 2658 non
230 2612 339 2671 potuerit,
350 2626 497 2671 nequaquem
508 2612 582 2658 video.

139 2676 244 2735 Dignum
255 2685 290 2723 ert
300 2686 429 2723 memoratu
439 2677 505 2733 illud,
517 2677 578 2735 quod
591 2675 662 2723 tradit
673 2671 813 2736 Porphyrio:
831 2676 873 2721 ‘ln
883 2674 947 2721 huno
957 2674 1044 2722 librum

106 2740 223 2799 congemit
240 2751 355 2801 praecepta
373 2740 534 2801 Neopotolemi
551 2740 595 2787 rori
612 2740 743 2802 Παριανοῦ
763 2741 793 2787 de
811 2751 861 2785 erte
880 2740 978 2801 poetici,
995 2755 1042 2786 non

106 2805 202 2867 quidem
213 2806 298 2861 omnia,
309 2807 349 2853 red
360 2805 557 2852 eminentiraima’

140 2870 210 2921 Quod
221 2872 251 2915 ad
260 2871 334 2931 ipram
346 2870 459 2931 poematia
470 2871 568 2917 sormam
579 2869 671 2924 attinet,
682 2868 717 2915 illi
727 2869 889 2915 tantummodo
902 2870 1044 2930 interpreter

107 2948 189 2981 rerum
200 2935 317 2992 viderunt,
335 2936 375 2994 qui
390 2935 527 2995 ‘epirtolam
542 2933 785 2980 didacticoratiricam’
801 2948 851 2981 erae
866 2935 1043 2991 contenderunt,

108 3014 156 3047 nou
167 3012 250 3058 poema
260 2999 426 3047 didascalieum
437 2999 551 3045 uuirertre
562 2998 638 3058 poesie
648 2998 711 3057 leget
721 3012 748 3045 ao
758 2999 851 3057 regulae
861 3014 1000 3059 proponens,
1016 3008 1045 3046 ut

108 3065 164 3114 clim
183 3064 288 3124 plerique
307 3064 351 3111 rati
370 3074 432 3120 runt,
452 3078 499 3111 non
516 3063 727 3110 animadvertentes
745 3074 861 3123 precepta
878 3078 946 3125 pene
964 3064 1043 3111 omnia

108 3128 189 3175 referri
200 3129 230 3175 ad
240 3144 314 3188 genus
324 3128 486 3181 dramaticum,
503 3143 531 3175 ea
542 3142 596 3173 vero
606 3141 701 3186 genera,
717 3127 743 3175 in
752 3128 838 3186 quibua
848 3127 898 3188 ipre
907 3129 1044 3187 excellebat,

110 3192 207 3253 lyrIoum
219 3192 294 3255 (quod
311 3192 392 3240 leviter
408 3194 530 3241 dumtaxat
543 3192 684 3251 attingitur.
696 3192 912 3252 83-85),tatirua,
928 3193 1045 3252 epietolau,

110 3258 259 3319 epigramma,
269 3273 353 3318 poema
363 3258 535 3313 didaaeuliaum,
544 3270 687 3317 quamquam
694 3256 744 3317 ipae
754 3256 888 3304 Lucretium
898 3258 1047 3318 ruapiciebat,

110 3336 203 3383 prurnr
219 3322 339 3383 preteriri.
371 3322 399 3369 ld
416 3322 488 3382 igitur
504 3331 589 3378 teneto,
608 3322 669 3369 lianc
684 3321 807 3382 epietolam
823 3321 945 3368 Pitouibur
960 3331 1045 3382 prreter

111 3395 199 3435 cetero·
211 3388 349 3435 destinatam
361 3397 431 3447 atque
444 3389 473 3433 ab
488 3387 526 3434 lrir
539 3388 601 3433 intre
615 3387 753 3433 domesticos
769 3386 869 3446 parietes
885 3386 968 3433 lectam
986 3402 1045 3443 care,

111 3460 236 3512 antequam
254 3454 369 3499 ederetur.
404 3452 475 3499 Poeta
489 3460 569 3499 autem
585 3452 748 3503 benevolentid
765 3451 790 3496 in
802 3451 909 3497 Pironem
926 3454 1047 3511 majorem,

112 3516 167 3565 boni
183 3517 246 3563 haud
266 3518 337 3563 dubie
359 3517 447 3576 ingenii
468 3517 646 3573 eduleroentem,
666 3516 707 3563 red
730 3515 799 3563 nimir
820 3515 916 3561 tortam
934 3517 1047 3576 cupidum

113 3596 198 3629 norum
214 3582 308 3641 aliquod
324 3596 398 3641 genui
417 3581 530 3637 tentandi,
547 3581 656 3628 metuirre
668 3581 767 3637 ridetur,
787 3594 817 3626 ne
835 3578 855 3626 ri
875 3580 948 3627 nimio
964 3582 1047 3629 ardore

113 3646 210 3697 ferretur
221 3648 251 3695 ad
261 3648 344 3695 drama
352 3646 472 3695 ratinoum
482 3649 677 3758 compopepdnm,
694 3654 820 3706 antequam
831 3644 963 3693 univercum
973 3655 1048 3695 artem
