2442 4059
377 290 541 335 nersrora
563 291 609 334 uu
633 291 786 336 ersouns.
986 279 1053 339 ‘105

101 439 274 527 Quemque
290 453 450 527 poetarum
467 442 549 507 limae
564 442 650 507 labor
664 456 697 508 et
711 466 806 508 mora.
851 445 926 522 Vos,
943 468 962 509 o

100 528 278 614 Pompilius
292 531 428 615 sanguis,
446 552 569 593 carmen
585 529 816 615 reprehendite,
832 532 914 616 quod
931 555 993 596 non

100 614 209 678 Multa
224 614 291 678 dies
306 630 338 678 et
354 616 449 679 multa
465 615 556 680 litura
571 616 718 693 coercuit,
734 630 830 701 atque

100 700 282 764 Perfectum
299 701 401 766 decies
417 724 478 764 non
496 701 659 787 castigavit
672 704 710 766 ad
727 725 876 789 unguem.

142 785 312 870 Ingenium
329 788 442 854 misera
457 787 530 872 quia
545 788 731 853 fortunatius
745 804 811 853 arte
982 795 1046 853 295

98 871 221 949 Credit,
239 886 271 937 et
285 873 425 937 excludit
438 895 528 938 sanos
545 873 701 937 Helieone
715 886 823 959 poetas

96 956 311 1035 Democritus,
329 959 409 1022 bona
424 982 494 1043 pars
509 982 570 1022 uon
588 982 710 1046 ungues
726 983 842 1044 ponere
856 972 953 1038 curat,

98 1043 172 1107 Nou
189 1044 334 1120 barbam3
356 1057 475 1108 secreta
490 1045 569 1128 petit
584 1045 788 1122 loca-balnea
803 1046 889 1110 vitat.

97 1128 306 1194 Nanoiseetur
321 1131 403 1194 enirn
420 1130 555 1216 pretium
570 1153 748 1216 nomenque
763 1148 874 1217 poetae,

98 1215 134 1278 Si
150 1215 250 1280 tribus
268 1217 427 1302 Anticyris
442 1230 535 1302 caput
549 1217 720 1282 insanabile
735 1241 894 1303 nunquam
979 1223 1044 1282 300

96 1301 235 1365 Tonsori
251 1301 363 1366 Licino
378 1303 574 1366 commiserit.
622 1304 654 1367 Ο
669 1326 729 1390 ego
745 1304 849 1380 laevuS,

96 1385 165 1462 Qui
181 1410 298 1473 purgor
314 1388 406 1453 bilem
423 1388 481 1451 sub
497 1389 584 1452 verni
599 1390 747 1474 temporis
762 1387 888 1454 horam!

97 1471 171 1536 Non
187 1473 266 1538 alius
281 1477 396 1538 faceret
411 1474 538 1538 meliora
552 1490 713 1560 poemata:
737 1498 844 1538 verum

96 1558 152 1622 Nil
168 1560 246 1624 tanti
263 1573 318 1624 est.
355 1560 440 1646 Ergo
454 1561 508 1624 fun
533 1583 567 1624 ar
582 1560 650 1624 vice
665 1561 752 1638 cotis
768 1574 892 1625 acutum

100 1645 246 1710 Reddere
262 1669 333 1732 quae
347 1647 461 1710 ferrum
478 1584 570 1722 valet,
587 1669 693 1712 exsors
707 1647 773 1732 ipsa
788 1645 929 1711 secandi:
978 1649 1042 1710 305

96 1729 219 1796 Munus
234 1747 267 1795 et
281 1733 425 1809 officium,
443 1732 486 1796 nil
502 1732 640 1796 scribens
654 1734 731 1817 ipse,
748 1733 883 1809 docebo;

96 1815 194 1880 Unde
231 1834 356 1883 arentur
371 1841 465 1903 opes;
489 1818 563 1903 quid
579 1819 642 1883 alat
655 1820 830 1904 formetque
845 1836 987 1904 poetam3

94 1901 184 1977 Quid
200 1841 318 1979 deceat,
334 1905 410 1990 quid
426 1927 507 1980 n0u3
532 1927 594 1989 quo
610 1906 717 1982 virtus,
733 1928 795 1990 qno
810 1906 889 1969 ferat
903 1927 998 1971 error.

138 1991 304 2054 Scribendi
320 2004 403 2055 reete
417 2013 525 2076 sapere
541 2002 588 2055 est
604 2003 636 2056 et
651 1991 836 2076 principium
852 2006 884 2055 et
899 1991 987 2054 lons:

94 2073 179 2139 Rern
195 2076 252 2142 tibi
270 2077 434 2142 Socraticae
450 2090 596 2162 poterunt
610 2077 774 2141 ostendere
788 2077 918 2154 chartae3
975 2079 1040 2140 310

92 2160 264 2248 Verbaque
280 2164 431 2249 provisam
448 2186 513 2227 rem
530 2185 590 2225 non
607 2163 705 2227 invita
719 2175 899 2248 sequentur.

93 2246 161 2321 Qui
177 2249 294 2325 didicit,
311 2249 418 2334 patriae
434 2248 508 2334 quid
524 2248 637 2313 debeat
650 2261 684 2312 et
698 2250 773 2335 quid
788 2248 906 2323 amicis,

91 2333 169 2409 Quo
184 2335 225 2399 sit
238 2359 342 2398 amore
359 2358 479 2419 parens,
497 2358 558 2421 quo
574 2335 670 2399 frater
683 2333 832 2398 amandus
847 2346 880 2397 et
894 2333 1015 2418 hospes,
1054 2406 1057 2410 λ

91 2419 187 2494 Quod
202 2421 243 2486 sit
257 2422 432 2507 conscripti,
450 2421 532 2506 quod
542 2421 658 2506 judicis
673 2420 818 2496 officium,
836 2441 907 2505 quae

91 2505 203 2570 Partes
219 2507 250 2569 in
268 2507 382 2570 bellum
399 2507 482 2570 missi
497 2507 593 2583 ducis,
610 2506 664 2570 ille
679 2507 818 2592 profecto
972 2508 1037 2568 315

92 2591 240 2657 Reddere
257 2615 396 2678 personae
411 2592 468 2656 scit
481 2593 702 2657 convenientia
715 2593 839 2676 cuique.

87 2677 263 2764 ‘Respicere
279 2679 437 2765 exemplar
451 2678 524 2743 vitae
539 2700 722 2764 morumque
732 2679 853 2764 jubebo

89 2763 231 2830 Doctum
247 2765 443 2838 imitatorem,
460 2777 494 2828 et
508 2765 593 2828 vivas
608 2765 681 2828 hinc
695 2765 809 2828 ducere
824 2785 925 2828 voces.

89 2849 255 2914 Interdum
269 2851 409 2930 speciosa
424 2850 498 2914 lucis
514 2862 693 2936 morataque
708 2864 793 2914 reete

90 2935 224 3019 Fabula,
240 2937 354 3000 nullius
369 2938 501 3013 veneris,
518 2937 584 2999 sine
601 2936 738 3020 pondere
754 2949 787 2999 et
799 2948 876 3011 arte,
972 2939 1036 2999 320

87 3021 222 3092 Valdius
238 3023 373 3086 oblectat
388 3023 538 3108 populum
552 3022 726 3107 meliusque
741 3036 887 3099 moratur,

87 3107 196 3182 Quam
213 3131 319 3174 versus
334 3109 443 3194 inopes
457 3131 559 3172 rerum
576 3130 733 3194 nugaeque
748 3131 877 3174 canorae.

86 3193 198 3258 Graiis
213 3195 386 3281 ingenium,
406 3194 510 3259 Graiis
526 3193 612 3260 dedit
627 3217 679 3259 ore
694 3194 827 3260 rotundo

88 3279 188 3344 Musa
203 3280 299 3367 loqui,
315 3295 426 3365 praeter
443 3281 563 3344 laudem
580 3279 694 3344 nullius
708 3280 818 3346 avaris.

88 3365 227 3430 Romani
244 3367 331 3466 pueri
349 3366 449 3453 longis
464 3367 635 3432 rationibus
649 3388 748 3431 assem
973 3364 1037 3425 325

86 3451 229 3516 Discunt
243 3475 275 3516 ru
293 3467 394 3535 partes
410 3466 534 3517 centum
550 3452 705 3517 diducere.
752 3452 848 3516 Dicat

88 3537 190 3602 Filius
207 3538 326 3615 Albini,
345 3538 433 3602 Side
450 3539 625 3624 quincunce
640 3552 758 3602 remota
771 3549 820 3600 est

87 3623 205 3703 Uneia,
223 3625 298 3710 quid
314 3624 462 3711 superat?
509 3624 638 3688 Poteras
652 3624 776 3690 dixisse.
814 3619 939 3684 Triens.
963 3616 1035 3685 Eul

540 3713 594 3772 r5
