2442 4059
363 242 604 287 nersronnnnru
626 242 695 286 nra.
712 244 733 287 r.
752 226 801 287 14.
1018 227 1055 289 71

113 394 152 459 Si
167 392 295 471 validus,
311 393 339 457 si
352 392 440 459 laetus
455 394 524 471 erit,
540 393 566 458 si
581 393 716 480 denique
731 406 854 479 poscet3

113 480 168 543 Ne
182 480 285 545 studio
300 479 397 545 nostri
412 502 532 565 pecces,
549 479 716 566 odiumque
732 480 844 547 libellis

114 565 252 630 Sedulus
267 565 424 652 importes,
441 568 535 652 operb
551 565 737 631 vehemente
750 567 900 633 minister.
1038 572 1058 629 5

114 652 152 716 Si
169 662 200 716 te
214 652 293 716 forte
308 675 387 716 meae
401 652 504 737 gravis
518 664 588 716 uret
601 653 721 717 sarcina
734 653 857 730 chartae,

115 736 258 821 Abjicito
271 738 384 822 potius,
402 761 505 838 quam,
522 761 585 824 quo
598 739 736 824 perferre
747 739 877 825 juberis,

116 823 260 887 Clitellas
275 824 358 888 ferus
373 824 535 911 impingas,
554 824 723 910 Asinaeque
738 836 902 910 paternum

116 909 303 995 Cognomen
318 921 420 974 vertas
434 911 467 973 in
482 910 588 989 risum,
604 921 637 974 et
650 910 755 975 fabula
767 910 832 976 fias.

115 994 248 1060 Viribus
263 995 358 1060 uteris
372 1019 428 1082 per
442 996 547 1075 clivos,
564 995 701 1074 flumina,
718 997 832 1062 lamas:
1021 1001 1059 1062 lo

116 1080 228 1145 Victor
242 1081 391 1168 propositi
405 1082 497 1146 simul
511 1104 547 1147 ac
562 1082 739 1168 perveneris
753 1084 838 1159 illuc,

118 1167 175 1231 Sic
188 1168 322 1253 positum
338 1168 473 1233 servabis
487 1190 574 1246 onus,
590 1191 632 1232 ne
647 1171 725 1233 forte
740 1169 797 1234 sub
811 1170 863 1237 alai

118 1251 314 1317 Fasciculum
352 1264 433 1318 ortes
447 1253 605 1330 librorum,
622 1267 657 1319 ut
670 1255 802 1320 rusticus
815 1276 942 1343 agnum,

118 1337 169 1404 Ut
183 1338 290 1403 vinosa
304 1276 423 1425 gldmos
438 1340 559 1405 furtivae
575 1340 709 1426 Pyrrhia
722 1341 811 1420 lanae,

118 1423 170 1490 Ut
185 1448 255 1489 cum
269 1425 383 1511 pileolo
396 1425 495 1490 soleas
510 1426 640 1491 conviva
655 1426 785 1492 tribulis.
1022 1428 1060 1489 15

119 1509 174 1575 Ne
188 1512 283 1599 vulgo
297 1534 402 1576 narres
417 1522 449 1575 te
463 1511 622 1577 sudavisse
636 1512 764 1578 ferendo

120 1596 278 1674 Carmina,
295 1621 365 1683 quae
380 1598 499 1683 possint
512 1598 618 1662 oculos
631 1620 783 1684 auresque
798 1598 909 1663 morari

121 1683 274 1748 Caesaris:
297 1696 399 1748 oratus
414 1684 512 1748 multa
527 1706 631 1770 prece,
647 1684 747 1749 nitere
762 1707 862 1770 porro.

119 1768 220 1847 Vade,
237 1769 315 1848 vale,
332 1792 406 1834 cave
421 1792 461 1833 ne
475 1769 600 1847 titubes,
617 1770 822 1858 mandataque
837 1771 970 1857 frangas.

526 1982 680 1995 -——·

258 2142 421 2188 Erls'rota
443 2143 601 2187 xiva-AD
622 2142 790 2187 vrntlcurt
812 2142 919 2188 SUUM.

119 2286 235 2351 Villice
250 2284 394 2350 silvarum
411 2282 532 2348 etmihi
547 2305 596 2347 me
611 2282 768 2347 reddentis
781 2282 886 2369 agelli,

120 2372 229 2448 Quem
244 2382 278 2437 tu
293 2370 411 2435 fastidis
426 2369 597 2434 habitatum
611 2368 750 2470 quinque
765 2368 850 2447 focis,
867 2380 900 2434 et

121 2458 274 2543 Quinque
289 2456 386 2521 bonos
400 2455 524 2521 solitum
539 2454 665 2519 Variam
681 2454 836 2519 drmittere
851 2465 970 2541 patres3

121 2544 297 2620 Certemus,
314 2543 417 2628 spinas
431 2540 574 2605 animone
590 2563 651 2624 ego
665 2540 783 2619 fortius,
798 2563 838 2605 an
853 2552 889 2607 tu

122 2628 249 2694 Evellas
263 2651 339 2716 agro
347 2652 356 2705 3
380 2639 412 2693 et
426 2626 534 2691 melior
547 2626 588 2691 sit
603 2626 764 2704 Horatius,
778 2650 819 2691 an
834 2650 893 2693 res.
1043 2635 1063 2692 5

123 2714 183 2781 Me
198 2714 338 2802 quamvis
354 2713 473 2779 Lamiae
487 2712 585 2799 pietas
601 2724 633 2778 et
647 2736 721 2778 cura
733 2725 879 2792 moratur,

123 2800 265 2867 Fratrem
282 2800 447 2877 maerentis,
462 2810 550 2883 rapto
565 2798 604 2863 de
620 2799 713 2864 fratre
728 2798 861 2865 dolentis

123 2886 342 2963 Insolabiliter,
359 2896 462 2951 tamen
478 2884 557 2949 istuc
571 2907 659 2950 mens
672 2884 855 2970 animusque

123 2972 210 3050 Fert,
227 2984 259 3038 et
272 2984 356 3037 amat
369 2971 475 3057 spatiis
489 2970 643 3036 obstantia
656 2993 800 3057 rumpere
815 2971 955 3037 claustra.

124 3059 213 3123 Rure
228 3081 288 3146 ego
302 3059 469 3133 viventem,
484 3068 518 3122 tu
532 3056 607 3121 dicis
622 3056 655 3121 in
670 3056 747 3121 urbe
762 3056 905 3122 beatum:
1024 3061 1063 3121 lo

123 3144 187 3209 Cui
201 3145 304 3233 placet
317 3143 453 3221 alterius,
469 3165 525 3207 sua
539 3141 686 3207 nimirum
700 3154 748 3208 est
761 3143 833 3208 odio
846 3166 921 3209 sors.

122 3231 246 3296 Stultus
262 3242 392 3316 uterque
407 3230 510 3295 locum
523 3227 712 3294 immeritum
725 3241 867 3295 causatur
881 3229 988 3315 inique
996 3253 1006 3306 3

122 3318 163 3383 In
179 3317 271 3403 cnlpd
287 3330 335 3382 est
347 3315 478 3393 animus,
495 3313 549 3400 qui
563 3336 597 3381 se
611 3337 675 3379 non
689 3314 801 3403 effugit
813 3338 960 3401 unquam.

121 3407 178 3472 Tu
192 3402 394 3471 mediastinus
408 3400 499 3466 taciti
515 3423 606 3487 prece
621 3423 692 3465 rura
706 3401 851 3486 petebas3

123 3490 220 3557 Nnnc
236 3489 345 3554 urbem
360 3500 392 3553 et
405 3487 494 3551 ludos
508 3499 540 3551 et
554 3486 666 3551 balnea
678 3486 799 3551 villicus
813 3496 918 3571 optas:
1025 3491 1063 3550 15

124 3577 184 3644 Me
199 3586 339 3642 constare
354 3573 430 3639 mibi
443 3572 513 3651 scis,
529 3583 562 3639 et
575 3571 734 3637 discedere
748 3573 877 3648 tristem,
