2442 4059
405 744 899 869 snrrnrnnm

460 972 585 1031 LIBER
608 974 832 1034 SECUNDUS.

563 1218 736 1232 m

565 1431 686 1475 SATIRA
709 1432 732 1474 1.

181 1540 285 1620 Suur,
303 1543 414 1628 quibus
428 1545 460 1608 in
480 1545 579 1610 Satird
596 1546 701 1609 videor
714 1544 806 1609 nimis
820 1567 899 1621 acer,
916 1559 948 1609 et
962 1545 1041 1610 ultra

178 1626 299 1714 Legem
315 1631 441 1696 tendere
456 1654 549 1717 opus:
573 1633 640 1696 sine
656 1632 757 1695 nervis
771 1630 875 1707 altera,
892 1632 1041 1716 quidquid

102 1714 103 1717 ’
180 1712 358 1800 Composui,
375 1740 443 1803 pars
459 1740 524 1782 esse
540 1730 645 1803 putat3
673 1717 849 1801 similesque
864 1739 1002 1781 meorum

179 1798 271 1863 Mille
287 1802 337 1865 die
353 1826 457 1867 versus
472 1802 581 1866 deduci
596 1826 694 1888 posse.
740 1803 878 1880 Trebati,

179 1884 265 1959 Quid
301 1888 419 1966 faciam,
458 1889 630 1975 praescribe.
689 1889 849 1964 Quiescas.
905 1888 955 1952 Ne
991 1889 1110 1965 faciam,

262 1973 374 2052 inuis,
1091 1982 1111 2041 5

178 1996 316 2122 Omninii
331 2060 459 2126 versus?
503 2060 575 2125 Aio.
622 2061 752 2124 Peream
766 2061 855 2138 male,
871 2061 974 2125 sinon

178 2143 340 2228 Optimum
357 2157 438 2221 erat;
462 2168 567 2210 verum
584 2168 706 2231 nequeo
720 2147 861 2210 dormire.
905 2147 971 2211 Ter
986 2148 1070 2212 uncti

178 2229 375 2297 Transnanto
391 2231 541 2309 Tiberim,
558 2255 665 2296 somno
679 2232 791 2317 quibus
806 2245 853 2297 est
866 2255 944 2318 opus
958 2233 1029 2312 alto,

178 2314 397 2404 Irriguumque
413 2340 496 2382 mero
511 2318 568 2382 sub
583 2329 703 2382 noctem
719 2340 829 2404 corpus
843 2319 986 2384 habento.

178 2404 254 2479 Aut,
270 2404 296 2467 si
312 2416 414 2469 tantus
428 2426 513 2468 amor
526 2403 679 2469 scribendi
695 2415 726 2468 te
740 2405 829 2490 rapit,
845 2404 925 2469 aude
1072 2409 1111 2470 10

179 2488 309 2553 Caesaris
324 2489 431 2555 invicti
445 2511 494 2554 res
509 2489 621 2567 dicere,
637 2491 734 2553 multa
748 2490 885 2554 laborum

179 2572 311 2640 Praemia
325 2576 451 2640 laturus.
497 2575 664 2661 Cupidum‚
683 2588 769 2662 pater
784 2576 909 2663 optime,
926 2576 1006 2641 vires

178 2658 359 2726 Deficiunt:
384 2684 485 2747 neque
501 2662 584 2724 enim
599 2661 700 2746 quivis
714 2662 869 2727 horrentia
883 2661 953 2747 pilis

178 2746 325 2831 Agmina,
342 2770 400 2811 nec
414 2748 512 2813 fracti
526 2759 690 2832 pereuntes
705 2749 831 2834 cuspide
848 2749 966 2825 Gallos,

179 2833 245 2895 Aut
259 2831 390 2897 labentis
405 2840 486 2918 equo
500 2832 645 2897 describit
659 2833 786 2897 vulnera
801 2835 917 2899 Parthi.
1071 2837 1111 2899 15

179 2918 326 2981 Attamen
343 2933 375 2983 et
384 2920 503 3005 justum
519 2931 640 3004 poteras
655 2932 687 2984 et
701 2922 833 2985 scribere
848 2922 977 2986 fortem:

182 3002 355 3087 Scipiadam
372 3018 406 3068 ut
419 3004 541 3089 sapiens
556 3004 706 3069 Lucilius.
751 3006 845 3071 Haud
861 3007 936 3070 milri
950 3005 1052 3083 deero,

179 3086 285 3162 Quum
302 3112 350 3154 res
366 3091 431 3176 ipsa
445 3092 532 3155 leret.
577 3091 648 3155 Nisi
662 3092 770 3156 dextro
785 3105 923 3178 tempore
939 3092 1042 3157 Flacci

178 3174 281 3239 Verba
296 3198 351 3262 per
365 3188 513 3241 attentam
529 3200 591 3241 non
606 3177 696 3242 ibunt
711 3178 840 3243 Caesaris
854 3201 977 3256 aurem3

177 3260 238 3323 Cui
254 3262 333 3326 male
348 3262 373 3326 si
389 3262 524 3348 palpere,
540 3263 731 3329 recalcitrat¹
748 3264 883 3349 undique
899 3277 992 3329 tutus.
1066 3268 1110 3328 20

177 3344 305 3420 Quanto
319 3349 431 3413 rectius
447 3348 513 3425 hoc,
530 3372 622 3434 quum
638 3350 716 3414 tristi
731 3349 841 3414 laudere
857 3372 948 3414 versu

176 3431 379 3499 Pantolabum
395 3456 539 3511 scurram,
557 3434 850 3522 Nomentanumque
865 3437 1030 3522 nepotem!

530 3594 541 3629 ¹
556 3594 601 3646 At.
611 3594 758 3645 recalcitret
