2442 4059
178 243 241 310 190
507 243 791 294 ruraueuurarro.
1025 243 1114 308 [nrm
1164 288 1169 301 ,

209 397 248 444 80.
268 393 364 456 [Lectus
372 393 483 458 genialis]
498 396 513 422 ‘⁴
521 395 561 455 qui
579 394 604 442 in
621 395 682 442 atrio
697 396 808 446 edrerauo
824 402 915 453 portam
931 399 1082 445 sternebatur
1096 399 1120 444 in

176 461 289 508 honorem
309 461 404 507 Genii.”
433 463 522 516 Fertne,
539 475 562 520 p.
581 460 635 516 160,
656 462 730 509 Amet.
768 460 872 508 Genialio
888 461 926 507 hic
942 461 1018 508 lectus
1037 464 1121 523 cuique

177 528 273 574 domum
284 525 381 572 intranti
394 524 486 584 signum
497 532 547 572 erat
558 528 684 586 conjugum
694 540 737 586 par
747 525 774 590 iq
782 526 940 581 ednabltare3
955 541 1012 574 uam
1023 529 1121 575 muliere

176 593 269 640 mortue
280 591 318 636 vel
330 599 380 648 post
392 591 517 636 divortium
528 605 581 641 curn
594 592 623 636 ed
632 591 729 644 factum,
738 592 870 636 tollebatur.

209 655 312 705 tlt-86.
331 651 406 716 [ride]
419 656 466 702 ‘Et
477 663 510 711 tu,
522 653 649 711 Moeoeou,
660 653 830 715 etquicunque
843 655 894 702 hac
908 655 979 715 leget,
989 655 1071 711 habet,
1082 672 1122 703 eur
1209 696 1210 699 ,

176 720 268 777 rideet‚'
281 721 324 765 dio.
360 719 498 766 Bentleiano
514 719 548 766 illi
559 721 632 768 uldeu’
647 728 674 769 ut
686 721 751 768 locus
766 730 802 767 est
817 720 895 780 potius
910 719 936 765 in
951 720 1086 768 actionibus
1099 729 1123 768 et

176 785 266 832 eventis
283 784 413 843 improvisis
430 792 454 830 et
469 784 647 832 admirationem
667 784 828 832 excitantibus
839 809 873 819 —
884 781 1026 847 [coemto]
1040 787 1122 842 Varro,

119 851 126 865 ‘
177 850 204 897 L.
218 851 244 896 L.
256 850 279 904 5,
291 864 313 908 p.
327 848 379 896 162.
390 851 490 909 Speng.:
507 850 552 895 Uli
562 851 866 909 coenoleout,eoeneculun
881 852 1029 903 medonte
1044 858 1124 911 posteo

176 931 243 976 quom
259 915 282 960 iu
299 917 413 974 superiore
432 920 500 974 porte
516 917 626 962 coenitare
643 921 767 974 coeperunt,
782 916 905 974 opertere
920 916 1000 961 domus
1016 919 1123 964 ostensa

176 980 318 1042 cqenecula
335 981 405 1027 dicte.
440 979 507 1026 Tella
522 986 601 1026 autem
616 980 732 1026 coenacula
746 981 863 1026 meritorie
874 976 950 1039 (Suet.
962 981 1011 1025 vit
1026 979 1054 1040 7)
1067 996 1123 1027 oon·

176 1045 293 1090 ducebant
309 1044 415 1090 homines
433 1041 558 1091 tenuiores.
572 1068 605 1078 -
623 1040 742 1104 [conducto
757 1041 860 1105 nauigio]
879 1045 984 1091 ‘Narem
1001 1045 1123 1092 interdura

176 1107 292 1164 conducit,
305 1109 439 1168 locupletes,
450 1109 490 1168 qui
506 1108 614 1167 propriae
629 1110 722 1164 hebent,
739 1108 764 1154 iu
781 1123 810 1155 eo
823 1110 906 1156 saltem
919 1109 1081 1166 aemulatum,
1096 1120 1124 1157 ut

175 1172 226 1234 ipse
237 1188 330 1234 quoque
341 1174 365 1220 in
377 1175 453 1224 locum
464 1172 566 1231 aliquem
577 1187 703 1230 amomum,
718 1173 790 1221 veluti
802 1173 879 1228 Baiae,
890 1174 997 1229 vehatur,
1008 1190 1084 1232 quum
1093 1190 1123 1222 eo

176 1249 254 1285 tamen
272 1238 419 1284 incommodo
436 1247 463 1284 ut
478 1252 546 1297 aeque
564 1249 635 1296 etque
654 1238 689 1284 illi
707 1245 806 1293 eumeet,
829 1238 922 1298 proprie
940 1237 1122 1298 significatione,
1209 1226 1210 1275 i

176 1303 293 1368 ναυτιᾷν,
310 1310 332 1349 to
349 1305 375 1350 le
388 1304 540 1353 ειη-31013·-
550 1299 649 1363 [privo]
661 1306 667 1328 ⁶
678 1303 719 1348 uni
733 1302 842 1362 propria!
875 1305 890 1328 “
900 1303 980 1350 Privoe
996 1304 1122 1364 privasque

176 1369 267 1428 antiqui
284 1367 393 1414 dicebant
406 1383 449 1428 pro
466 1367 587 1428 singulia.”
604 1369 694 1415 Festus.
705 1391 738 1402 -
750 1363 876 1428 [menis]
891 1382 934 1428 pro
945 1369 1051 1428 quilibet
1062 1383 1121 1416 nare

175 1437 270 1483 ma'ore.

208 1451 247 1553 117.
273 1499 358 1554 ‘Quid
377 1498 440 1557 quod
455 1505 492 1553 tu,
512 1496 595 1544 dilecte
614 1497 738 1554 Meceuaa,
754 1496 805 1557 ipse
823 1497 941 1543 interdum
956 1498 1049 1558 judicie
1064 1498 1121 1546 faeie

175 1563 254 1609 minue
264 1563 343 1610 recte?
362 1563 431 1609 Velut
442 1577 514 1622 quum
526 1576 563 1608 me
577 1561 640 1608 rides
653 1570 748 1621 propter
757 1563 834 1610 levem
848 1562 950 1621 aliquam
962 1578 988 1608 ac
998 1562 1121 1609 fortuitam

117 1661 119 1666 -
175 1627 200 1674 in
218 1627 299 1673 habitu
316 1629 426 1688 cultuque
443 1627 618 1686 negligentiam,
634 1641 676 1673 nec
693 1635 748 1672 vero
762 1627 831 1685 longe
845 1629 935 1687 maJ’ora
949 1627 1013 1685 vitia,
1030 1627 1057 1673 in
1067 1643 1120 1688 qu

175 1691 276 1740 subinde
287 1692 371 1747 incido,
385 1692 536 1752 reprehendis
545 1699 570 1737 et
579 1691 685 1750 castigas,
696 1691 720 1737 id
732 1692 795 1750 quod
807 1701 885 1738 tamen
895 1691 930 1738 tui
941 1691 1001 1739 toret
1008 1692 1120 1748 officium,

176 1771 248 1816 quum
256 1757 286 1802 sis
293 1759 427 1817 presidium
435 1758 576 1817 columque
587 1770 666 1802 meum
676 1754 732 1816 (Od
744 1757 764 1812 l,
775 1755 797 1814 1,
808 1757 830 1802 2.
847 1757 871 1812 2,
880 1755 917 1811 17,
926 1756 953 1816 4)
962 1755 1042 1816 itaque
1054 1758 1121 1806 cordi

176 1821 218 1868 tibi
237 1836 286 1868 esse
303 1824 395 1880 debeat,
410 1829 437 1866 ut
453 1821 493 1866 illa
510 1822 642 1880 deponam.r
652 1845 685 1854 -
697 1817 815 1882 [molus]
825 1823 962 1868 curulum
976 1825 1062 1882 capitia
1076 1837 1120 1882 pro

175 1892 264 1945 comete
274 1886 334 1932 dixit
349 1887 419 1936 etiam
432 1886 525 1932 Petrou.
537 1885 589 1940 107.
600 1909 634 1918 -
645 1883 766 1947 [inequuls'
783 1882 882 1946 tonsore]
895 1886 950 1945 ‘qui
965 1895 1063 1948 propter
1073 1888 1120 1933 im·

176 1951 283 2010 peritiam
295 1950 441 2009 inaequaliter
452 1951 533 1996 tondet
544 1951 667 1998 dexterum
678 1961 701 1998 et
716 1951 801 1996 lterum
817 1950 899 2011 oepitia
909 1951 984 1996 latua’
1020 1952 1122 1998 Omne

136 2013 142 2020 “
176 2027 254 2066 autem
266 2021 353 2062 tonsore
366 2024 391 2061 ut
402 2016 447 2062 Od.
460 2014 481 2071 1,
493 2013 517 2071 6,
530 2015 552 2072 2,
563 2015 676 2063 Scriberis
684 2017 753 2073 ,alite
787 2015 857 2062 ovid.
868 2016 924 2062 Met.
936 2015 960 2071 7,
970 2016 1010 2072 60,
1021 2024 1120 2064 natm

175 2082 316 2128 celebrabere
327 2081 404 2126 turbet.

208 2145 247 2193 00.
265 2135 387 2207 [occurri]
400 2141 531 2206 ἀορίστως,
541 2141 648 2203 ‘quoties
660 2144 718 2193 forte
733 2145 774 2193 tali
789 2144 871 2192 habitu
883 2145 990 2204 neglecto
1001 2160 1082 2193 coram
1096 2155 1120 2193 te

176 2211 270 2258 versor.⁹
279 2235 312 2245 -
325 2207 461 2272 [subucula]
474 2211 552 2256 tunice
563 2209 661 2256 interior
670 2211 734 2256 linea
743 2211 780 2256 vel
796 2210 900 2270 byssina.
924 2210 996 2256 Varro
1006 2225 1044 2271 ap.
1056 2212 1120 2258 Noa.

176 2291 199 2336 p.
216 2276 271 2332 542,
290 2276 362 2322 Merc.
378 2277 529 2336 Posteaquam
546 2275 611 2322 binae
628 2277 717 2322 lauicos
732 2277 815 2322 dobere
830 2282 955 2336 eoeperuet,
970 2277 1121 2324 instituerat

175 2356 255 2388 oocere
265 2342 425 2388 subuculam
438 2337 561 2399 (virorum)
574 2346 597 2388 el
607 2341 747 2386 indusium
759 2337 930 2400 (seminarum).
960 2340 1034 2387 ‘Haec
1044 2341 1119 2392 inter-

176 2405 240 2460 dum,
254 2405 309 2464 quia
326 2406 403 2452 minua
418 2419 470 2451 enm
485 2419 548 2457 curo,
563 2403 650 2450 detritu
664 2412 708 2460 est,
722 2407 801 2452 tunica
812 2421 881 2465 usu,
896 2405 921 2451 id
937 2413 982 2459 eat,
997 2419 1081 2452 recena
1096 2413 1121 2452 et

176 2469 258 2529 spissa.
269 2470 330 2516 villis
347 2469 422 2529 planie
438 2479 463 2516 et
479 2469 556 2529 politis
573 2478 691 2526 texturam
708 2470 848 2528 tegentibus,
866 2470 965 2529 talisque
976 2470 1119 2530 discrepanti
1209 2504 1210 2511 1

176 2533 302 2581 ridiculum
313 2549 369 2580 sane
378 2537 464 2594 prebet
477 2543 604 2593 aspectum,
615 2543 639 2578 et
655 2533 762 2581 similiter
779 2535 819 2581 ubi
835 2537 891 2594 toga
906 2535 985 2580 minue
997 2536 1120 2594 eleganter

176 2612 246 2656 quam
259 2612 321 2644 nunc
331 2599 413 2650 solent.
429 2598 469 2657 qui
484 2597 576 2644 ornatui
592 2599 696 2655 student,
711 2599 810 2646 amictus
825 2615 886 2655 aum,
901 2599 934 2645 ite
944 2609 970 2645 ut
982 2600 1043 2646 male
1058 2600 1120 2646 milri

176 2663 263 2716 sedeat,
274 2677 303 2708 ex
314 2664 407 2721 unaque
417 2671 483 2724 parte
495 2662 568 2721 magis
579 2663 666 2710 defluat
677 2678 749 2721 quern
759 2678 788 2710 ex
800 2665 889 2710 alterd'
907 2663 967 2724 (Set.
981 2663 1002 2719 l,
1013 2664 1038 2720 3,
1046 2663 1101 2723 31.)

208 2727 312 2776 92-96.
330 2725 452 2788 [AErtuot]
468 2728 489 2774 Α
500 2727 608 2774 ductibus
624 2728 695 2774 maria
709 2729 739 2775 ad
750 2729 856 2776 animum
866 2729 976 2776 tranal‘ert
985 2730 1058 2775 etiam
1069 2730 1120 2776 Cic.

177 2791 232 2838 Ace.
249 2793 272 2846 2,
292 2791 330 2838 30
341 2789 545 2854 -[dieconoeuit]
564 2793 662 2838 verbum
679 2792 842 2848 Horatianunr,
859 2809 902 2854 pro
913 2794 1052 2850 ‘discordat
1069 2793 1120 2841 dia·

175 2857 270 2915 crepec'
293 2856 352 2916 Epp.
370 2858 386 2904 i.
407 2857 444 2913 lt,
464 2857 501 2909 13,
520 2873 563 2904 nou
581 2858 660 2904 eadem
676 2860 802 2910 enomere
822 2874 848 2906 eo
865 2861 1041 2906 disconvenit
1057 2861 1121 2910 inter

176 2923 260 2982 Meque
276 2925 300 2967 et
315 2928 385 2966 te.-
394 2918 499 2982 [Diruit]
518 2923 564 2968 Sal.
577 2923 629 2968 cac
640 2921 680 2968 20.
693 2923 760 2969 Noua
775 2924 879 2979 dirum,
894 2924 944 2970 alio
956 2925 1079 2983 adficeret.
1087 2947 1121 2960 ·-

178 2983 467 3049 [lusuque-sollemnia]
485 2997 510 3034 ut
521 2989 569 3034 Sat.
580 2987 604 3042 2,
615 2986 640 3039 3,
649 2986 689 3043 63,
700 2988 801 3035 insanire
810 3003 916 3043 morea,
927 2988 1041 3034 ‘delirare
1050 2989 1121 3035 solito

177 3066 262 3106 errore,
281 3052 478 3109 quemadmodum
492 3051 581 3098 faciunt
594 3065 675 3097 omnes
687 3051 735 3108 elii,
750 3052 810 3098 adeo
820 3062 847 3098 ut
857 3067 933 3111 neque
943 3052 1066 3112 caetigatio
1076 3067 1122 3100 nee

177 3114 301 3175 singularis
318 3115 397 3174 aliqua
413 3130 468 3162 cure
484 3116 543 3162 mihi
560 3115 694 3162 adhibenda
708 3109 798 3162 eit.’'—
808 3113 946 3178 [wolone]
964 3116 1079 3164 ‘Furioao
1096 3127 1122 3164 et

177 3179 280 3228 dementi
302 3189 394 3225 curator
413 3180 479 3240 isque
499 3194 541 3240 per
556 3188 680 3239 praetorem
702 3180 826 3228 deficiente
844 3179 950 3241 legitimo
967 3180 1069 3228 dabatur
1089 3197 1120 3229 ex

177 3247 229 3306 lege
245 3257 291 3294 xri.
304 3245 454 3300 Tabularum,
471 3247 550 3292 imno
560 3245 597 3292 vel
612 3246 683 3291 stulto
694 3246 744 3292 solo
757 3246 862 3305 pretoria
877 3246 967 3293 edicto.⁸
993 3247 1122 3294 Golas.-

175 3308 266 3371 [reruur
277 3310 348 3358 tutelo
358 3305 470 3369 mearum]
488 3323 535 3356 nou
548 3309 640 3362 ‘tuton'
653 3319 680 3355 ut
688 3310 758 3356 multi
769 3312 857 3367 volunt,
869 3312 911 3357 sed
922 3310 1087 3372 ‘presidium’

210 3374 249 3429 97.
268 3375 306 3422 90.
333 3369 555 3434 [et-stomacheris]
577 3371 735 3432 ‘quamquam
752 3389 780 3421 ee
797 3389 878 3422 meum
895 3375 1030 3437 presidium
1048 3385 1121 3436 atque

178 3439 282 3498 alioquin
301 3453 331 3485 ex
348 3438 421 3484 animi
438 3437 473 3482 tui
490 3436 608 3482 sententie
625 3440 725 3498 melque
744 3441 822 3495 caure,
841 3455 872 3486 ne
887 3441 994 3487 deridear
1010 3443 1042 3488 ab
1059 3441 1120 3497 eliis,

178 3516 240 3559 egre
258 3503 312 3560 fers,
330 3503 349 3548 si
369 3505 405 3550 rel
426 3502 450 3548 in
472 3516 497 3548 re
518 3501 605 3546 nullius
620 3503 733 3551 momenti
749 3518 765 3549 a
780 3504 833 3550 ritae
849 3505 972 3564 elegantia
987 3506 1081 3560 recedo,
1096 3513 1122 3552 et

179 3565 284 3612 decorem
296 3568 404 3626 negligo·
412 3592 445 3602 -
454 3564 503 3628 [De
514 3572 535 3613 te
543 3563 677 3627 mente]
695 3569 758 3615 ‘eolo
766 3571 840 3630 daege
848 3585 908 3630 upon
917 3586 962 3631 poe
970 3569 987 3616 .·'
998 3584 1046 3615 non
1057 3571 1122 3617 ‘rob

180 3631 201 3676 ie
216 3630 342 3691 dependent
357 3648 385 3688 op
401 3627 547 3695 peel-[te
564 3627 718 3692 respicientis]
738 3633 791 3678 ‘cui
808 3635 834 3679 in
851 3635 920 3681 dictis
935 3634 1049 3694 &uisque
1066 3643 1121 3682 tuos
