2442 4059
369 277 610 323 srrsrotanuru
633 278 700 322 tra.
718 280 741 323 1.
756 262 809 322 20.
1017 264 1056 325 81

110 428 301 506 Archilochi,
319 453 380 493 nun
396 452 445 493 res
460 441 493 494 et
506 429 632 517 agentia
646 429 740 494 verba
756 429 947 516 Lycamben.
1012 434 1055 495 25

108 518 172 595 Ac,
189 541 229 582 ne
245 540 294 580 me
309 516 389 580 foliis
404 515 474 580 ideo
490 516 680 580 brevioribus
695 538 795 592 ornes,

110 604 209 679 Quod
224 603 312 668 timui
328 616 448 665 mutare
463 602 569 666 modos
584 612 617 665 et
630 602 773 666 carminis
787 614 902 678 artem3

110 690 285 775 Temperat
299 687 478 752 Archilochi
496 687 621 751 Musam
637 688 717 773 pede
733 689 865 752 mascula
883 687 1019 775 Sappho,

110 776 285 861 Temperat
300 775 441 850 Alcaeus3
464 774 518 839 sed
533 774 626 837 rebus
641 787 673 838 et
687 774 793 837 ordine
808 774 920 859 dispar,

111 861 184 926 Nec
198 883 335 926 socerum
353 860 474 946 quaerit,
491 883 584 945 quem
600 859 739 923 versibus
754 860 871 923 oblinat
885 860 968 939 atris,
1013 863 1055 925 30

112 946 184 1012 Nec
198 969 318 1032 sponsae
333 947 477 1032 laqueum
494 946 611 1009 famoso
625 945 760 1009 carmine
776 947 881 1010 nectit.

112 1033 212 1098 Hunc
227 1055 296 1119 ego,
313 1054 374 1096 non
390 1032 450 1096 alio
465 1032 581 1096 dictum
598 1032 683 1116 prius
697 1054 760 1106 ore,
778 1031 910 1096 Latinus

111 1116 396 1206 Vulgari-fidicen3
415 1119 506 1203 juvat
520 1117 733 1181 immemorata
746 1118 897 1181 ferentem

113 1204 266 1291 Ingenuis
281 1204 440 1290 oculisque
455 1204 528 1290 legi,
545 1204 748 1289 manibusque
764 1203 873 1267 teneri.

114 1291 204 1356 Scire
219 1290 306 1366 velis,
321 1312 392 1354 mea
407 1312 461 1353 cur
476 1290 617 1375 ingratus
631 1289 778 1375 opuscula
793 1289 889 1354 lector
1016 1294 1058 1353 35

113 1376 239 1442 Laudet
252 1389 397 1460 ametque
411 1375 505 1453 domi,
524 1389 643 1460 premat
657 1391 745 1439 extra
760 1375 853 1439 limen
869 1374 1017 1461 iniquus?

114 1463 189 1528 Non
206 1485 265 1550 ego
281 1476 416 1527 ventosae
431 1461 531 1547 plebis
545 1459 690 1547 suffragia
705 1483 809 1537 venor,

114 1549 271 1635 Impensis
285 1561 501 1624 coenarum,.et
516 1546 596 1611 tritae
611 1568 739 1610 munere
754 1546 865 1623 vestis;

114 1635 190 1700 Non
207 1658 276 1721 ego,
294 1634 442 1698 nobilium
457 1632 640 1735 scriptorum
655 1632 775 1696 auditor
790 1648 822 1697 et
838 1633 927 1710 ultor,

116 1721 343 1786 Grammaticas
357 1720 475 1783 ambire
490 1719 588 1784 tubus
604 1729 637 1781 et
652 1718 772 1804 pulpita
785 1719 913 1805 dignor:
1017 1722 1059 1780 40

117 1807 205 1871 Hinc
219 1807 280 1871 illae
296 1806 437 1871 lacrimae.
484 1804 596 1891 Spissis
612 1804 740 1891 indigua
755 1805 882 1869 theatris

118 1893 242 1978 Scripta
257 1893 353 1977 pudet
366 1892 506 1969 recitare,
523 1904 555 1955 et
569 1889 662 1978 nugis
675 1890 787 1955 addere
803 1892 933 1976 pondus,

117 1979 154 2044 Si
168 1978 253 2054 dixi3
279 1978 385 2055 Rides,
402 1978 455 2055 ait,
473 1991 504 2042 et
518 1975 605 2041 Jouis
619 1976 744 2041 auribus
758 1978 817 2041 ista

117 2066 248 2130 Servas:
272 2063 340 2128 fidis
355 2063 437 2127 euim
454 2086 577 2127 manare
592 2063 715 2148 poetica
728 2064 822 2128 mella

115 2151 168 2215 Te
183 2151 294 2225 solum,
311 2150 366 2215 tibi
382 2147 519 2236 pulcher.
564 2150 616 2213 Ad
632 2150 697 2215 haec
711 2172 771 2235 ego
787 2149 911 2213 naribus
926 2148 972 2213 uti
1019 2151 1061 2209 45

117 2236 282 2301 Formido:
306 2249 348 2313 et,
364 2234 508 2300 luctantis
522 2249 612 2301 acuto
628 2257 668 2298 ne
682 2258 768 2299 secer
784 2236 891 2321 ungui,

116 2323 179 2388 Dis
204 2322 276 2387 licet
291 2322 350 2386 iste
364 2321 458 2398 locus,
475 2322 583 2398 clamo,
600 2332 632 2385 et
646 2320 762 2384 diludia
777 2343 879 2406 posco.

116 2346 228 2474 Ludhs
244 2408 327 2472 enim
343 2408 454 2495 genuit
468 2406 623 2494 trepidum
638 2421 792 2471 certamen
809 2406 941 2483 etitem,

116 2495 171 2560 Ira
185 2509 289 2561 truces
302 2493 479 2559 inimicitias
494 2506 527 2558 et
540 2493 671 2558 funebre
687 2492 811 2557 bellum.

527 2728 680 2739 ...ἡ

281 2904 444 2950 Errsroha
466 2904 614 2948 arm—AD
636 2904 773 2949 LlBRUM
795 2904 901 2951 SUUM.

117 3016 329 3083 Vertumnum
345 3018 533 3105 Jauumque,
550 3018 638 3095 liber,
654 3031 793 3105 spectare
807 3019 938 3097 videris3

119 3104 250 3169 Scilicet
266 3117 301 3169 ut
315 3117 433 3191 prostes
451 3105 607 3170 Sosiorum
624 3106 747 3191 pumice
762 3107 903 3173 mundus

119 3190 228 3255 Odisti
244 3190 355 3267 claves,
372 3204 404 3256 et
418 3204 506 3278 grata
520 3190 623 3276 sigilla
637 3191 766 3276 pudico:

119 3275 237 3341 Paucis
252 3277 372 3342 ostendi
387 3278 497 3365 gemis,
514 3287 547 3341 et
561 3277 737 3341 communia
752 3278 865 3345 laudas.

120 3360 197 3426 Non
214 3363 257 3427 ita
271 3363 414 3429 nutritus.
450 3363 550 3451 Fuge,
590 3386 630 3427 uo
645 3362 831 3429 descendere
846 3365 961 3452 gestist
1049 3368 1070 3427 5

120 3446 197 3513 Non
215 3450 275 3512 erit
291 3449 402 3513 emisso
416 3448 533 3514 reditus
548 3386 614 3514 tili.
660 3449 747 3525 Quid
763 3453 855 3515 miser
869 3449 945 3536 egi?

121 3532 212 3609 Quid
229 3534 336 3599 volui?
358 3534 452 3613 dices,
470 3535 523 3600 ubi
539 3535 608 3621 quis
623 3548 655 3600 te
672 3536 799 3610 laeserit;
822 3549 854 3600 et
868 3536 937 3611 scis,

122 3620 163 3685 la
180 3620 276 3686 breve
292 3621 421 3709 recogi,
438 3644 534 3708 quum
550 3619 662 3707 plenus
677 3622 806 3707 languet
819 3634 945 3684 amator.

575 3711 632 3768 ab
