2442 4059
150 230 189 291 16
431 249 632 294 armannum
652 249 719 294 ma.
736 251 760 294 1.
775 236 805 293 6.

148 400 234 463 Ante
249 409 433 484 potestatem
449 399 535 464 Tulli
550 412 644 486 atque
658 401 797 488 ignobile
812 424 953 490 regnum,

150 484 269 549 Multos
284 508 367 571 saepe
382 486 462 549 viros
477 486 570 550 nullis
585 488 751 574 majoribus
766 501 848 554 ortos
1048 493 1088 552 10

148 570 192 634 Et
206 570 318 634 vixisse
334 571 455 657 probos,
471 572 581 657 amplis
596 587 628 638 et
642 573 809 638 honoribus
822 586 946 639 auctos:

149 656 275 731 Contra,
295 657 467 734 Laevinum,
485 657 591 722 Valeri
607 682 717 745 genuS,
734 660 816 723 unde
833 659 993 746 Superbus

148 742 337 827 Tarquinius
352 766 449 829 regno
463 744 569 829 pulsus
584 746 652 822 fuit,
669 746 760 809 unius
773 746 848 810 assis

147 826 220 891 Non
237 851 372 914 unquam
388 830 487 914 pretio
502 830 598 915 pluris
613 831 747 907 licuisse,
764 844 891 896 notante

145 914 166 977 J
170 913 267 992 udice,
285 938 347 1000 quo
361 914 452 991 nosti,
468 917 593 1001 populo,
611 915 666 1002 qui
680 918 791 982 stultus
807 918 938 982 honores
1045 921 1085 981 15

148 1002 237 1085 Saepe
252 1001 305 1064 dat
319 1000 465 1088 indignis,
482 1016 513 1066 et
526 1002 617 1068 famae
630 1003 725 1067 servit
738 1004 872 1089 ineptus,

147 1084 213 1160 Qui
227 1098 332 1173 stupet
346 1086 378 1149 in
394 1087 490 1152 titulis
505 1099 537 1153 et
551 1088 747 1175 imaginibus.
793 1088 880 1164 Quid
895 1099 1017 1175 oportet

146 1170 213 1235 Nos
227 1173 338 1250 faeere,
354 1174 481 1260 evulgo
496 1173 546 1237 lon
572 1197 589 1237 e
605 1174 727 1260 lateque
742 1174 902 1239 remotos?

145 1254 291 1344 Namque
307 1269 381 1335 esto,
397 1260 530 1344 populus
546 1196 676 1324 {aesino
690 1260 797 1325 mallet
811 1261 959 1325 honorem

145 1342 249 1418 Quam
266 1344 367 1409 Decio
383 1345 527 1409 mandare
543 1368 623 1409 novo
631 1369 640 1421 3
665 1346 845 1432 Censorque
860 1357 1004 1417 moveret,
1040 1352 1083 1411 20
1181 1382 1185 1386 ν

144 1430 277 1515 Appius,
294 1431 432 1518 ingenuo
446 1432 472 1495 si
486 1453 548 1495 non
563 1454 662 1497 essem
678 1445 765 1515 patre
780 1445 887 1509 natus;

143 1514 205 1578 Vel
220 1517 339 1594 merito,
356 1517 501 1603 quoniam
516 1518 548 1581 in
563 1518 686 1603 proprisi
703 1542 763 1582 non
780 1519 862 1604 pelle
877 1517 1040 1603 quiessem.

145 1602 207 1665 Sed
222 1601 362 1689 fulgente
378 1604 471 1670 trabit
485 1604 664 1669 constrictos
681 1605 791 1669 Gloria
804 1627 894 1669 curru

144 1686 216 1751 Non
232 1689 333 1753 minus
347 1688 470 1775 ignotos
484 1691 652 1775 generosis.
699 1690 774 1766 Quo
788 1690 854 1766 tibi,
872 1689 958 1766 Tilli,

144 1775 274 1838 Sumere
290 1774 462 1860 depositum
479 1776 608 1852 clavum,
625 1774 756 1861 fierique
771 1774 918 1841 tribuno?
1038 1780 1081 1840 25

142 1858 265 1924 Invidia
278 1861 420 1938 accrevit,
437 1860 557 1967 privato
572 1883 643 1946 quae
657 1862 758 1925 minor
772 1873 862 1929 esset.

142 1944 225 2009 Nam
240 1946 420 2032 utquisque
436 1968 560 2011 msanus
571 1947 669 2034 nigris
684 1948 818 2012 medium
835 1947 976 2034 impediit
990 1970 1059 2012 crus

143 2029 291 2109 Pellibus,
309 2046 341 2097 ct
355 2034 451 2097 latum
466 2032 589 2097 demisit
606 2046 730 2119 pectore
745 2035 876 2111 clavum,

142 2118 242 2183 Audit
256 2118 413 2195 continuo,
432 2118 512 2193 Quis
528 2119 619 2183 homo
634 2120 694 2196 hic,
710 2133 764 2186 aut
778 2143 841 2206 quo
855 2131 942 2206 patre
956 2118 1072 2185 natus?

74 2226 76 2231 ’
142 2202 199 2279 Ut,
215 2204 241 2268 si
257 2204 310 2289 qui
325 2217 464 2291 aegrotet,
481 2228 543 2291 quo
558 2205 665 2270 morbo
681 2206 805 2283 Barrus,
822 2205 927 2269 baberi
1037 2211 1080 2270 30

141 2289 185 2354 Et
199 2291 304 2377 cupiat
317 2290 476 2367 formosus,
493 2301 544 2355 eat
558 2292 754 2377 quiscunque,
770 2292 882 2378 puellis

140 2375 266 2462 lnjiciat
280 2399 383 2441 curam
399 2377 556 2461 quaerendi
572 2378 712 2527 sinpula3
736 2379 820 2463 quali

142 2462 191 2527 Sit
204 2463 293 2539 facie,
309 2464 390 2537 surb,
407 2463 490 2546 quali
508 2462 596 2548 pede,
634 2479 717 2540 ente,
734 2464 863 2550 capillo:

142 2549 204 2624 Sic,
221 2549 273 2633 qui
290 2549 451 2634 promittit,
468 2548 560 2625 cives,
577 2550 685 2614 urbem
700 2549 759 2614 sibi
775 2573 865 2626 curae,
979 2590 983 2601 ·

139 2632 311 2719 Imperium
326 2637 401 2711 fore,
418 2647 451 2698 et
466 2634 597 2711 ltaliam,
614 2647 647 2699 et
661 2635 789 2700 delubra
802 2636 947 2712 deorum3
1035 2641 1078 2701 35

140 2719 215 2794 Quo
230 2733 315 2806 patre
331 2721 371 2784 sit
386 2732 486 2802 natus,
500 2742 573 2783 num
589 2718 698 2808 ignotb
714 2735 810 2786 matre
825 2722 1015 2799 inhonestus,

140 2804 260 2870 Omnes
276 2806 418 2870 mortales
434 2828 540 2870 curare
556 2820 588 2869 et
602 2830 741 2892 quaerere
757 2808 850 2894 cogit.

140 2890 233 2955 Tune
250 2892 332 2977 Syri,
349 2892 471 2968 Damae,
487 2892 542 2958 aul
558 2891 692 2979 Dionysi
709 2893 800 2970 lilius,
816 2893 910 2957 audes

139 2976 288 3063 Dejicere
303 3000 321 3041 e
336 3000 410 3042 saxo
426 2980 518 3055 civeS,
534 2990 589 3043 aut
603 2978 724 3043 tradere
741 2978 887 3043 Cadmo?

138 3066 184 3130 At
201 3064 320 3127 Novius
335 3064 453 3150 collega
467 3063 566 3151 gradu
580 3077 651 3150 post
665 3087 715 3129 me
730 3065 817 3129 sedet
832 3087 913 3140 uno;
1034 3070 1077 3129 40

138 3152 284 3235 Namque
310 3161 357 3214 est
380 3150 443 3226 ille,
468 3162 556 3237 pater
581 3151 665 3236 quod
689 3166 756 3215 erat
780 3172 877 3214 meus.
923 3149 995 3216 Hoc
1020 3151 1078 3216 tibi

225 3236 360 3313 Paullus,

138 3323 183 3387 Et
198 3321 334 3386 Messala
348 3320 483 3385 videris?
505 3332 538 3385 at
552 3322 612 3397 hic,
629 3322 656 3385 si
671 3322 786 3408 plostra
800 3322 943 3397 ducenta,

139 3410 395 3492 Concurrentque
410 3407 475 3470 foro
491 3407 548 3470 tria
562 3407 680 3484 funera,
696 3429 810 3493 magna
823 3407 954 3485 sonabit,

139 3494 265 3557 Cornua
279 3493 362 3580 quod
377 3492 541 3577 vincatque
557 3493 662 3555 tubas:
685 3492 795 3555 saltem
810 3505 897 3559 tenet
909 3493 969 3559 hoc
983 3514 1048 3557 nos.

138 3578 233 3644 Nunc
246 3580 285 3643 ad
300 3602 349 3653 me
364 3579 457 3643 redeo
471 3577 618 3643 libertino
631 3589 718 3664 patre
732 3589 850 3658 natum,
1032 3583 1074 3642 45
