2442 4059
419 294 618 339 sarrusaum
640 295 708 339 ura.
724 296 748 341 1.
764 280 793 341 7.
1034 280 1074 341 19

132 443 267 509 Vultu'm
282 444 363 509 serre
378 457 474 532 negat
489 446 661 512 Noviorum
675 470 764 533 posse
779 447 915 514 minoris.

132 531 186 594 Ad
203 544 342 616 quartam
354 532 462 618 jaceo:
487 546 556 618 post
570 533 650 598 hanc
664 556 778 621 vagor;
794 547 848 599 aut
863 558 933 621 ego,
950 534 1030 599 lecto

131 616 202 681 Aut
216 617 340 702 scripto,
356 618 440 702 quod
455 640 505 682 me
521 620 648 684 tacitum
664 620 764 706 juvet,
781 642 882 707 ungor
896 621 986 699 olivo,

133 702 208 766 Non
248 726 287 767 uo
301 704 448 767 fraudatis
463 704 639 770 immundus
654 704 752 770 Natta
767 706 908 771 lucernis.
991 735 995 745 ·

132 788 196 851 Ast
210 726 263 851 uli
278 812 328 853 me
344 790 459 854 fessum
473 791 518 855 sol
532 792 631 857 acrior
645 792 689 856 ire
704 792 838 856 lavatum
1011 797 1071 856 125

133 873 319 949 Admonuit,
335 874 423 962 fugio
439 875 592 963 Campum
608 878 772 962 lusumque
788 878 951 978 trigonern.

133 958 271 1025 Pransus
286 983 347 1024 non
364 961 463 1038 avide,
479 977 628 1049 quantum
644 962 821 1049 interpellet
834 964 920 1027 inani

131 1044 253 1109 Ventre
269 1046 351 1110 diem
367 1047 486 1125 durare,
503 1049 687 1113 domesticus
702 1049 790 1114 otior.
837 1049 916 1114 Haec
930 1060 978 1114 est

131 1130 209 1195 Vita
224 1132 393 1196 solutorum
409 1134 519 1198 miserti
534 1135 702 1199 ambitione
717 1135 879 1222 gravique.

133 1216 196 1281 His
211 1240 260 1281 me
276 1219 416 1283 consolor
430 1220 583 1285 victurum
597 1222 729 1298 suavius,
745 1223 821 1286 acsi
1010 1225 1070 1286 130

132 1302 280 1379 Quaestor
294 1327 378 1383 avus,
394 1318 482 1391 pater
496 1320 590 1393 atque
604 1330 702 1385 meus,
719 1320 907 1394 patruusque
922 1307 1038 1371 fuisset.

498 1612 619 1656 SATIRA
642 1612 673 1653 Vl
678 1612 700 1654 1.

130 1727 301 1813 Proscripti
318 1728 417 1815 Regis
435 1727 542 1829 Rupili
558 1750 617 1813 pus
631 1740 726 1812 atque
741 1749 907 1805 venenum,

130 1814 276 1901 Hybrida
291 1837 353 1900 quo
367 1827 458 1898 pacto
472 1825 513 1879 srt
528 1814 654 1878 Persius
669 1813 760 1889 ultus,
777 1812 886 1898 opinor

131 1900 288 1964 Omnibus
303 1914 335 1964 et
349 1900 442 1986 lippis
456 1912 562 1965 notum
580 1910 611 1964 et
626 1898 800 1963 tonsoribus
815 1921 892 1963 esse.

131 1986 258 2050 Persius
272 1985 323 2050 hic
336 2007 506 2073 permagna
520 1986 646 2072 negotia
660 1985 746 2049 dives
765 1984 898 2050 habebat

131 2071 338 2150 Clazomenis,
355 2072 447 2136 etiam
463 2072 532 2136 lites
547 2095 616 2135 cum
634 2070 725 2158 Rege
740 2071 902 2145 molestas3
1047 2076 1068 2133 5

129 2158 239 2222 Durus
254 2158 355 2235 homo,
371 2170 465 2243 atque
480 2158 550 2222 odio
565 2158 620 2243 qui
635 2170 738 2242 posset
752 2157 875 2221 vincere
892 2156 1026 2243 Regem,

130 2243 302 2309 Confidens
317 2244 525 2329 tumidusque,
541 2243 620 2307 adeo
634 2241 783 2307 sermonis
797 2242 903 2319 amari,

130 2329 289 2407 Sisennas,
307 2329 419 2394 Barros
434 2342 469 2393 ut
483 2330 571 2415 equis
587 2340 788 2414 praecurreret
800 2327 887 2391 albis.

128 2415 183 2478 Ad
200 2415 323 2501 Regem
340 2415 443 2481 redeo.
489 2415 656 2501 Postquam
673 2414 716 2477 nil
732 2414 814 2477 inter
828 2423 995 2498 utrumque

128 2500 288 2566 Convenit
305 2501 378 2587 (hoc
393 2500 508 2566 etenim
523 2514 596 2565 sunt
610 2522 716 2564 omnes
727 2501 799 2586 jure
814 2499 945 2575 molesti,
1028 2503 1067 2563 10

128 2587 203 2661 Quo
218 2586 322 2663 fortes,
339 2586 451 2673 quibus
466 2586 628 2652 adversum
642 2584 758 2650 bellum
773 2584 900 2661 incidit3
923 2586 1004 2649 inter

128 2672 269 2737 Hectora
286 2672 462 2737 Priamiden
476 2674 649 2737 animosum
662 2682 757 2757 atque
771 2672 853 2736 inter
869 2670 1024 2735 Achillem

128 2758 181 2823 Ira
196 2760 256 2823 fuit
269 2759 417 2844 capitalis,
434 2773 469 2823 ut
485 2758 591 2823 ultima
605 2758 756 2822 divideret
770 2780 861 2834 mors,

128 2844 202 2908 Non
217 2845 307 2909 aliam
323 2844 362 2909 ob
378 2867 509 2921 causam,
525 2843 584 2908 nisi
600 2845 683 2930 quod
699 2844 794 2907 virtus
808 2844 840 2906 in
857 2856 988 2930 utroque

127 2932 256 2994 Summa
270 2930 346 2995 suit:
371 2931 432 2995 duo
446 2931 472 2995 si
487 2930 637 2995 discordia
651 2943 745 2994 vexet
758 2929 883 3003 inertes,
1027 2932 1066 2992 15

126 3018 195 3080 Aut
209 3016 235 3081 si
251 3016 422 3118 disparibus
439 3017 552 3081 bellum
567 3016 692 3093 incidat,
709 3029 743 3080 ut
759 3014 907 3079 Diomedi

126 3100 210 3166 Cum
226 3103 254 3166 L
279 3125 327 3166 cro
343 3102 474 3181 Glauco,
491 3103 629 3167 discedet
643 3102 770 3188 pigrior,
787 3101 869 3165 ultro

124 3126 314 3253 Muneribus
329 3189 459 3270 missis);
485 3188 583 3253 Bruto
598 3200 729 3275 praetore
744 3200 872 3252 tenente

123 3272 236 3337 Ditem
251 3274 370 3350 Asiam,
391 3273 499 3361 Rupili
515 3288 548 3338 et
564 3274 653 3338 Persi
668 3297 723 3359 par
737 3287 873 3361 pugnat:
898 3272 945 3337 uti
959 3294 1020 3335 non

124 3359 326 3444 Compositus
340 3361 451 3424 melius
466 3384 535 3425 cum
553 3360 649 3424 Bitho
666 3359 826 3424 Bacchius.
872 3358 909 3422 In
921 3359 974 3444 jus
1022 3361 1065 3422 20

122 3446 224 3509 Acres
239 3459 433 3532 procurrunt,
450 3468 597 3533 magnum
613 3445 822 3531 spectaculum
838 3455 979 3529 uterque.

123 3529 252 3595 Persius
267 3532 397 3618 exponit
411 3555 543 3608 eausam,
559 3532 678 3596 ridetur
691 3530 730 3595 ab
745 3530 829 3595 omni

124 3615 302 3696 Conventu,
320 3617 425 3681 laudat
440 3617 583 3698 Brutum,
600 3616 767 3700 laudatque
782 3614 959 3678 cohortem:
