2442 4059
100 286 288 351 Δπροτέρω]
444 287 724 337 INTERPRETATIO.
989 286 1050 350 281

115 441 247 503 ‘particeps
257 440 287 486 sit
298 438 393 487 actionis
408 452 505 498 eamque
520 454 560 499 pro
570 441 633 486 uirili
644 446 712 499 purte
728 439 830 498 adjuret,
847 438 891 484 hoc
902 445 944 492 est,
962 454 1004 499 pro
1015 454 1052 495 eo,

114 508 178 565 quod
197 506 266 551 officii
285 507 335 550 e'us
350 501 585 566 est.'—[Defendnt]
606 513 632 550 ut
649 506 697 549 Sat.
716 503 787 561 1,10,
802 502 957 559 lassennue
976 505 1053 551 officio

114 571 240 631 fungatur!
250 594 281 603 -
292 520 346 630 ineu
357 564 425 630 qnid]
443 572 449 595 ‘
460 570 494 615 Ne
506 580 619 615 canantur
630 569 691 614 inter
701 578 765 614 ectus
775 565 837 630 μέλη
849 564 946 630 χοριαᾶ,
961 568 986 613 in
998 569 1052 629 qui-

114 638 158 681 bns
171 636 200 681 de
211 634 261 680 aliis
274 634 380 679 omnibus
391 642 472 691 agatur
483 648 552 693 qnam
565 634 593 679 dc
605 634 695 680 actions
706 633 772 693 ipsa‘
780 657 813 667 —
822 630 955 694 [conducat]
973 636 979 659 ⁶
985 635 1052 693 juvet

114 708 139 747 et
155 700 229 760 prosit
246 700 346 759 primum
366 699 394 743 ad
413 697 600 758 implicationem,
620 706 736 759 postremo
753 699 782 743 ad
801 698 940 743 solutionem
960 698 1052 756 fabulae,

114 774 143 811 ut
153 778 226 823 quum
237 765 320 809 chorus
330 762 438 822 praesagit
449 765 535 809 sensim
546 762 770 823 appropinquantem
783 763 909 825 vindictam
921 763 1040 809 divinam:
1126 782 1130 788 -

150 828 282 876 lad-am
298 828 372 887 [buris
383 824 477 888 sudent]
495 830 604 888 ‘Semper
615 842 668 873 cum
680 827 783 888 personis
798 828 874 886 probis
885 837 955 887 atque
967 828 1051 874 hones-

114 893 145 940 tis
158 894 249 947 faciat;'
267 893 310 938 etsi
321 892 438 937 interdum
451 893 521 937 veluti
534 901 626 939 coactus
636 901 706 951 atque
717 894 801 937 cedens
812 900 963 950 tyrannorum
976 893 1051 952 impo-

115 959 204 1012 tentiae,
215 972 295 1003 eorum
307 956 375 1002 minis
386 957 547 1016 atrocibusque
554 957 626 1017 jussis
636 972 660 1002 ae
672 957 771 1017 subjicit,
781 965 806 1002 ut
818 957 842 1001 nt
851 958 875 1001 in
884 958 1011 1016 Antigona.
1019 980 1052 992 -

115 1019 272 1084 [consilietur]
290 1021 338 1067 Cfr.
349 1021 393 1067 0d.
405 1021 427 1074 3,
439 1021 462 1077 3,
475 1020 511 1075 17.
520 1046 553 1055 -
562 1019 642 1084 [regul
652 1018 735 1083 iratos]
753 1030 778 1066 ut
788 1020 842 1067 facit
853 1021 877 1065 in
890 1021 978 1081 OEdipo
989 1036 1054 1083 rege,

115 1089 140 1133 in
154 1088 281 1143 Antigoni.
302 1082 461 1147 llic-[anet
473 1102 558 1146 pacare
575 1083 696 1147 tumulas]
715 1088 805 1132 chorus
824 1088 883 1146 regit
900 1089 994 1145 iratum,
1010 1087 1052 1145 qui

115 1150 249 1198 adversario
257 1153 351 1197 absente
360 1164 446 1195 savum
455 1152 548 1209 aliquod
557 1150 646 1197 facinus
655 1151 678 1195 in
687 1165 740 1196 eum
750 1151 850 1206 molitur,
857 1157 927 1210 pucut
935 1158 1052 1207 tumentes,

116 1224 211 1263 mutuas
227 1216 302 1261 minas
319 1216 417 1261 alterum
435 1215 459 1259 in
479 1216 575 1261 alterum
589 1215 708 1273 J'acientes
742 1215 856 1275 Exempla
873 1215 996 1261 manifesta
1012 1231 1051 1261 re-

116 1280 194 1341 peries
206 1281 261 1325 (Εὖ,
274 1280 329 1339 Tyr.
341 1279 395 1333 tol,
409 1280 467 1339 Ajax
480 1278 646 1338 lost-1118,
660 1289 683 1325 et
693 1279 732 1325 ubl
747 1294 793 1324 non
803 1276 954 1339 l—[mensoe
966 1277 1050 1341 breuis]

115 1344 232 1391 ‘sobrina’
252 1346 323 1391 Glnss.
335 1344 397 1389 Mon.
416 1344 518 1389 Omnino
529 1345 612 1389 chorus
627 1344 712 1403 ubique
727 1344 828 1389 inculcat
842 1344 906 1389 illam
917 1346 1052 1390 Graecorum

115 1408 251 1470 primariam
266 1407 381 1471 γνώμην,
399 1407 432 1454 Τὸ
446 1403 539 1471 μέτρον
550 1405 852 1470 &pteron—[Iustitiam]
871 1408 1051 1454 innumerabili·

115 1476 162 1521 bus
177 1472 240 1519 cuim
257 1474 312 1519 locis
332 1474 459 1519 celebratur
476 1475 500 1518 in
521 1473 640 1531 tregoediis
651 1474 739 1520 Graecis
753 1474 813 1531 Δίκη
833 1469 953 1535 ξύνεδρος
969 1470 1052 1531 Ζηνὸς

116 1535 235 1600 ἀρχαίως
255 1534 348 1601 νόμοις.
375 1534 441 1596 (OEd.
465 1538 513 1584 col.
538 1537 660 1597 1382.)—
682 1535 797 1599 legesque]
826 1539 952 1598 praesertim
974 1539 1014 1583 ubi
1036 1554 1052 1584 a

116 1604 224 1663 tyrannis
237 1603 357 1648 violantur.
374 1602 421 1647 cfr.
434 1602 489 1649 OEd.
502 1603 557 1661 Tyr.
570 1603 624 1649 866.
633 1627 666 1637 -
688 1606 774 1663 apertis
784 1605 830 1648 otiu
838 1600 923 1665 portis]
941 1602 985 1648 Od.
996 1602 1019 1657 3,
1027 1604 1051 1659 6,

116 1668 157 1721 23,
175 1669 298 1727 Pontusque
314 1683 357 1713 non
371 1668 465 1720 clausus,
482 1667 519 1728 dc.
553 1668 590 1713 Sic
602 1668 733 1727 Euripides,
745 1667 841 1726 Cresph.
853 1667 892 1714 Fr.
905 1669 942 1720 15,
955 1662 1051 1730 Εἰρήνα

115 1728 285 1793 βαθύπλοντε
307 1729 348 1778 sul
370 1728 506 1777 Καλλίστα-
522 1728 644 1795 μααιέρων
660 1730 733 1788 θεῶν,
756 1728 837 1789 Ζῆλός
857 1747 898 1793 μοι
915 1728 995 1788 σέθεν,
1017 1729 1052 1787 ὡς

116 1793 1051 1925 attuntnimau-*nt“merlinianis

142 1895 149 1907 .
210 1878 226 1919 η
366 1878 385 1906 ω
532 1878 550 1907 ω
631 1878 657 1917 ιο,
745 1894 751 1907 .
853 1894 859 1908 .
966 1895 972 1908 .

116 1920 603 2051 σιγ333ἱ333α1133ι1ιῖδ11έσ333111313,
620 1990 669 2050 agit
679 1992 708 2037 de
719 1991 849 2039 necessaria
860 1990 978 2050 tragoedisa
989 1990 1051 2037 auti·

117 2069 172 2114 quie
182 2064 254 2114 purte,
267 2054 298 2115 τῇ
306 2050 444 2117 μιλοποιΐρ,
457 2055 574 2115 aptissime
586 2055 649 2101 hunc
660 2056 735 2101 locum
743 2058 812 2116 capiti
821 2072 867 2116 quo
875 2056 938 2102 chori
949 2055 1052 2101 officium

118 2127 257 2165 nscuverat
268 2121 456 2179 subjungeba—
465 2116 528 2180 [non,
545 2126 570 2165 ut
580 2116 650 2181 nunc]
669 2121 785 2169 Plutarch.
796 2123 825 2167 de
839 2121 920 2166 Music.
932 2120 970 2174 36,
982 2115 1052 2164 ἀλλὰ

119 2181 167 2246 γὰρ
183 2182 224 2231 καί
240 2180 363 2241 αὐλητικὴ
383 2179 435 2231 ἀπὸ
454 2179 631 2245 ἁπλουστέρας
646 2181 682 2241 είς
696 2182 878 2247 ποικιλωτέραν
895 2179 1051 2246 μεταβέβηκε

117 2245 242 2310 μονοιιὴν
260 2245 513 2309 κ.τ.λ.-[οτι“α1ια1οο]
530 2249 578 2295 etr.
595 2250 670 2297 Strab.
686 2249 723 2305 13,
737 2266 758 2309 p.
775 2251 830 2305 aba,
847 2249 982 2296 Schneideri
999 2249 1050 2294 licl.
1109 2288 1116 2299 ,

120 2313 191 2372 Phys.
202 2329 225 2373 p.
243 2312 295 2359 116.
314 2309 361 2373 (ore
372 2310 399 2373 os
411 2316 461 2359 uine
472 2316 546 2360 mixed
556 2316 610 2361 roilli
622 2316 672 2361 iren
679 2332 688 2367 ,-
707 2315 746 2359 alii
758 2312 879 2373 6ναιι.)-
887 2309 987 2375 [vinctu]
1008 2314 1052 2359 Est

118 2376 178 2424 tibia
198 2378 291 2437 duplex,
313 2379 378 2437 cujus
399 2386 475 2436 partes
493 2380 622 2425 vinciuntur
638 2375 907 2441 orichalco—[tennis]
926 2377 1002 2437 'quod
1020 2379 1051 2424 ad

118 2456 202 2488 sonum
218 2442 359 2503 spectat.'-
367 2439 505 2503 [juramine]
522 2446 536 2468 “
545 2444 618 2489 Varro
627 2443 660 2489 ait
671 2444 696 2489 in
710 2444 778 2489 tertio
790 2443 969 2503 Disciplinarum
982 2451 1005 2488 et
1021 2443 1052 2487 ad

120 2506 256 2554 Marcellum
274 2508 302 2552 de
324 2505 415 2565 Linguis
432 2507 524 2562 Latina,
540 2516 639 2567 quatuor
654 2507 794 2554 foraminum
814 2509 885 2554 fuisse
902 2508 970 2552 tibias
988 2508 1051 2566 apud

119 2570 234 2631 antiquos,
251 2581 275 2617 et
289 2586 314 2617 se
334 2572 409 2631 ipsum
431 2570 464 2617 ait
484 2571 508 2617 in
532 2573 617 2633 templo
640 2574 739 2633 Marsyae
758 2573 842 2619 vidisse
863 2573 930 2618 tibias
951 2580 1053 2631 quatuor

118 2636 267 2682 foraminum.
300 2636 378 2685 Quare
393 2645 506 2695 quaterna
525 2644 615 2682 tuntum
631 2638 745 2683 foramina
763 2639 864 2697 antiquae
881 2637 944 2683 ritiae
961 2637 1050 2682 habue-

119 2710 190 2755 runt;
211 2702 250 2746 alii
267 2700 354 2755 dicunt,
378 2715 424 2745 non
447 2701 498 2761 plus
520 2716 589 2760 quarn
611 2700 680 2749 tria.”
697 2698 942 2763 Acr.—[udspirnra]
959 2708 981 2748 to
998 2702 1051 2762 gine
1111 2745 1114 2756 ,

119 2768 157 2812 tlte
168 2772 228 2819 tune,
241 2767 327 2823 αιίιιοι,
341 2780 480 2826 uccompuny.
491 2763 702 2828 -[nunerudilis]
720 2764 885 2830 εὐαρίθμητος
903 2767 1000 2812 Theocr.
1014 2765 1051 2820 16,

119 2829 159 2885 66,
170 2826 325 2892 ἇριθρατούς
336 2826 388 2875 ἀπὸ
400 2828 510 2877 πολλῶν.
528 2833 585 2877 Stat.
595 2831 669 2877 Theb.
679 2831 703 2887 3,
718 2832 769 2886 163,
780 2834 959 2893 numerandaque
964 2827 1051 2891 funera

160 2909 187 2940 ιι.

151 2958 285 3006 uba-213.
304 2955 399 3020 [uiator]
417 2959 522 3019 populns.
550 2957 620 3017 Apud
632 2960 725 3007 Graecos
736 2960 834 3006 refertur
844 2960 874 3006 ad
885 2968 989 3020 tempora
999 2965 1052 3018 post

120 3022 151 3069 τὰ
163 3021 284 3084 Πιρσιαάε
302 3023 342 3069 cfr.
354 3024 383 3069 ad
395 3025 455 3083 Epp.
467 3024 489 3078 2,
504 3023 524 3083 l,
537 3024 578 3078 93,
588 3025 651 3083 apud
663 3025 780 3070 Romanos
794 3033 846 3085 post
860 3025 980 3085 profligata
990 3023 1052 3069 bella

120 3089 214 3134 Punica.
221 3112 253 3121 —-
263 3084 352 3148 [urbes]
372 3089 444 3134 Recte
455 3102 479 3134 ss
491 3089 560 3134 habet
574 3088 670 3148 pluralis
683 3089 788 3134 codicum
798 3090 927 3149 antiquiss,
938 3102 1010 3148 quum
1021 3088 1051 3133 de

119 3153 207 3199 Graecis
218 3162 241 3199 et
254 3153 364 3198 Romanis
376 3153 529 3198 communiter
539 3154 653 3212 loquatur.
661 3177 693 3187 -
702 3150 807 3279 [uinoque
817 3149 909 3213 diurno]
926 3150 1052 3198 ‘conviviis

119 3217 261 3277 tempestivis
270 3234 276 3270 ι
293 3218 444 3275 indulgebant
454 3218 516 3263 enim
527 3217 611 3276 genio!
620 3242 653 3251 -
661 3215 761 3280 [inpune

118 3282 170 3341 lege
180 3282 205 3328 id
216 3290 309 3327 vetante
318 3282 333 3335 ς’
350 3281 416 3327 ‘sine
426 3284 563 3341 cujusquam
581 3290 646 3328 metu
661 3292 702 3329 sut
716 3284 859 3329 reverentia!
879 3284 960 3328 (lemn.
972 3282 1010 3327 Gr.
1018 3305 1051 3315 -

791 3222 850 3265 ‘nec
864 3232 927 3264 more
940 3218 990 3277 jam
1006 3231 1049 3262 nec

46 3396 50 3407 ¹
119 3344 273 3408 [numerisque
289 3344 414 3407 modisque]
431 3345 561 3407 ‘rhythmis
575 3362 601 3393 ac
616 3348 825 3395 modulationibus.'
846 3348 916 3393 Gloss.
929 3347 982 3392 eod.
996 3345 1051 3392 Tur.

117 3436 150 3445 —
159 3408 273 3473 [liberque
284 3407 395 3471 ludorum]
413 3414 419 3435 ⁴
430 3426 502 3470 quum
520 3412 600 3457 diebus
616 3412 680 3459 festis
689 3415 718 3459 ab
729 3427 798 3473 opere
810 3412 895 3458 rustico
906 3411 1052 3471 requiescens

118 3476 186 3521 unice
195 3476 335 3535 voluptatem
345 3483 371 3529 et
380 3476 499 3522 oculorum
507 3476 644 3536 auriumque
652 3478 828 3524 oblectationem
837 3487 950 3535 quaereret
958 3475 1052 3521 indocta

119 3535 293 3599 (ἀπαίδευτος)
306 3540 379 3585 illast
393 3540 507 3599 permixta
525 3554 553 3586 ex
571 3541 678 3588 omnibus
693 3542 814 3588 hominum
831 3539 955 3601 generibus
971 3539 1050 3586 multi-

119 3605 229 3653 tudo'-
239 3600 338 3667 [turpis]
357 3604 458 3650 'inflmrc
469 3604 536 3652 sortis
550 3606 671 3653 homines!
