2442 4059
183 272 225 332 00
452 288 652 332 surrusnuu
673 288 740 331 ura.
758 289 796 334 rr.
811 274 841 333 2.

186 437 321 523 AEgrum
337 438 478 504 sollicitat
492 440 692 517 stomachum,
708 464 803 526 quum
819 442 926 528 rapula
940 445 1050 528 plenus

188 528 293 609 Atque
308 525 407 590 acidas
423 526 538 591 mavult
552 528 661 591 inulas.
707 528 849 592 Necdum
863 531 962 594 omnis
976 530 1084 595 abacta

188 610 355 695 Pauperies
370 610 468 696 epulis
483 636 608 697 regum:
631 636 704 679 nam
718 614 828 677 vilibus
842 616 908 679 ovis
1078 622 1118 679 45

189 697 356 781 Nigrisque
371 711 418 762 est
432 698 507 762 oleis
522 700 612 762 hodie
628 701 721 765 locus.
768 700 861 764 Haud
876 702 920 765 ita
934 702 1052 788 pridem

190 784 312 846 Galloni
328 785 476 868 praeconis
491 798 555 849 erat
569 786 746 872 acipensere
761 808 867 850 mensa

189 869 325 932 lnfamis.
356 869 466 944 Quid?
482 882 547 933 tum
562 872 704 937 rhombos
718 873 820 937 minus
833 895 957 957 aequora
970 874 1119 939 alebant?

188 955 290 1018 Tutus
306 969 370 1020 erat
384 956 538 1034 rhombus,
555 969 685 1043 tutoque
700 958 818 1022 ciconia
832 959 921 1033 nido;

188 1040 301 1105 Donec
316 1064 368 1105 vos
382 1056 487 1107 auctor
502 1044 605 1109 docuit
619 1044 787 1129 praetorius.
834 1044 929 1131 Ergo,
1078 1052 1118 1109 50

190 1128 222 1188 Si
239 1128 307 1211 quis
323 1150 405 1191 nunc
419 1152 541 1230 mergos
556 1153 664 1194 suaves
679 1129 811 1194 edixerit
824 1152 916 1208 assor,

190 1212 315 1279 Parebit
329 1214 413 1298 pravi
429 1215 534 1279 docrlis
551 1216 692 1279 Romana
700 1220 859 1301 juventus.
946 1242 953 1253 ·

189 1299 336 1363 Sordidus
349 1323 368 1363 a
383 1301 467 1365 tenui
483 1302 565 1367 victu
581 1301 714 1378 distabit,
731 1301 836 1366 Olelld

187 1384 314 1459 .ludice;
337 1408 407 1449 nam
423 1387 534 1451 frustra
548 1388 656 1451 vitium
671 1388 814 1451 vitaveris
828 1387 914 1471 illud,

189 1470 222 1533 Si
238 1483 269 1535 te
284 1472 344 1535 alio
359 1494 484 1556 pravum
500 1474 670 1537 detorseris.
717 1473 898 1549 Avidienus,
1077 1482 1117 1541 55
1217 1463 1218 1466 Ἴ

189 1556 249 1619 Cui
267 1556 370 1634 Canis,
386 1580 426 1621 ex
441 1552 516 1622 vero
528 1560 654 1635 dictum,
670 1582 840 1646 cognomen
856 1560 1000 1636 adhaeret,

189 1642 415 1727 Quinquennes
430 1644 512 1708 oleas
527 1658 575 1709 est
589 1660 621 1709 et
634 1646 784 1710 silvestria
799 1668 906 1720 corna3

188 1732 246 1804 Ac,
263 1730 320 1793 nisi
338 1742 497 1806 mutatum,
514 1732 611 1815 parcit
625 1731 793 1795 defundere
808 1731 923 1807 vinnm,
941 1743 982 1808 et,

189 1813 287 1899 Cujus
302 1816 425 1879 odorem
441 1817 499 1880 olei
516 1839 651 1901 nequeas
665 1818 800 1903 perferre
817 1818 937 1901 (licebit

188 1899 245 1963 Ille
261 1902 388 1986 repotia,
405 1901 529 1978 artelea,
547 1903 660 1966 aliosve
675 1904 793 1967 dierum
1077 1908 1117 1966 60

191 1986 296 2049 Festos
310 1987 428 2051 albatus
443 1988 590 2071 celebret)
609 2011 703 2053 cornu
717 1989 783 2075 ipse
799 1988 899 2052 bilibri

189 2072 337 2135 Caulibus
352 2073 486 2150 instillat,
503 2076 616 2138 veteris
630 2098 691 2138 non
706 2097 815 2160 parcus
828 2075 917 2138 aceti.

189 2156 283 2232 Quali
300 2159 393 2259 igitur
408 2160 490 2223 victu
505 2161 627 2245 sapiens
642 2159 770 2226 utetur?
785 2161 940 2224 ethorum

190 2243 303 2308 Utrum
319 2244 508 2309 imitabitur?
552 2247 623 2311 Hac
637 2261 728 2333 urget
742 2247 841 2328 lupus,
855 2247 912 2310 hac
925 2245 1007 2310 canis
1020 2245 1118 2332 angit.

190 2329 328 2394 Mundus
343 2332 410 2409 erit„
427 2332 556 2416 quinon
572 2333 707 2398 offendat
720 2332 876 2410 sordibus;
898 2345 992 2418 atque
1077 2338 1119 2395 65

188 2415 225 2478 In
242 2430 381 2480 neutram
396 2430 512 2502 partem
529 2418 629 2482 cultris
643 2419 743 2482 miser.
791 2418 853 2483 Hic
867 2441 969 2504 neque
982 2418 1088 2494 servis,

189 2501 297 2565 Albuti
314 2503 394 2565 senis
409 2504 561 2588 exemplo,
578 2505 650 2568 dum
666 2506 771 2567 munia
784 2504 871 2581 didit,

190 2587 296 2651 Saevus
311 2589 386 2664 erit3
403 2611 459 2653 nec
475 2591 519 2653 sic
533 2602 568 2653 ut
582 2589 714 2675 simplex
731 2590 866 2666 Naevius,
882 2602 1005 2653 anetam

189 2673 335 2737 Convivis
345 2674 493 2759 praebebit
503 2698 628 2760 aquam:
644 2676 751 2743 vitium
761 2677 819 2738 boc
826 2696 1119 2764 quoquelmagnum.

187 2759 304 2843 Accipe
319 2782 410 2837 nunc,
427 2762 525 2825 victus
541 2762 642 2826 tenuis
657 2783 726 2846 quae
739 2775 916 2847 quantaque
930 2783 1033 2825 secum
1077 2765 1119 2824 70

189 2844 314 2910 Afferat.
361 2846 518 2932 Inprimis
534 2848 634 2911 valeas
650 2847 747 2910 bene:
771 2870 852 2923 nam,
868 2848 960 2912 variae
972 2869 1021 2910 res

188 2930 235 2995 Ut
250 2944 380 2995 noceant
394 2932 519 3009 homini,
536 2933 650 3009 credas,
666 2956 783 2997 memor
797 2933 879 2997 illius
893 2956 980 3009 escae,

189 3017 270 3091 Quae
285 3018 414 3103 simplex
430 3019 501 3083 olim
518 3019 574 3082 tibi
588 3020 718 3093 sederit3
740 3036 773 3083 at
785 3018 876 3082 simul
890 3020 964 3084 assis

188 3102 353 3167 Miscueris
368 3104 458 3180 elixa,
474 3105 564 3169 simul
580 3105 740 3190 conchylia
755 3104 860 3182 turdis,

186 3188 300 3253 Dulcia
315 3212 347 3253 se
363 3191 393 3252 in
411 3191 502 3253 bilem
518 3204 648 3266 vertent,
664 3190 882 3275 stomachoque
897 3189 1062 3255 tumultum
1077 3194 1119 3253 75

189 3274 289 3337 Lenta
304 3275 383 3338 leret
397 3276 517 3361 pituita.
561 3275 668 3351 Vides,
685 3290 720 3340 ut
733 3275 865 3362 pallidus
878 3277 978 3341 omnis

188 3360 286 3424 Coend
303 3359 447 3445 desurgat
461 3361 555 3427 dubie
565 3359 587 3445 l
624 3361 711 3435 Quin
727 3384 838 3447 corpus
852 3378 998 3426 onustum

187 3444 349 3509 Hesternis
365 3446 445 3509 vitiis
459 3447 595 3510 animum
611 3469 735 3531 quoque
751 3462 922 3535 praegravat
936 3471 1006 3527 una,

185 3534 290 3614 Atque
305 3530 403 3615 affigit
417 3531 509 3594 humo
523 3530 636 3595 divinas
651 3532 830 3616 particulam
844 3556 937 3599 aurae.

183 3616 283 3692 Alter,
300 3616 352 3680 ubi
367 3616 449 3680 dicto
463 3616 553 3681 citius
567 3630 673 3682 curata
684 3618 786 3703 sopori
1075 3624 1118 3684 80
