2442 4059
176 251 219 312 98
447 267 610 310 srrsronn
634 265 679 308 nu
702 265 856 309 rrsouss.

178 418 339 484 Obscurus
354 417 412 492 fio;
435 429 606 482 sectantem
622 417 704 482 levia
718 415 804 481 nervi

176 504 340 569 Deficiunt
354 505 512 589 animique
524 529 531 579 ;
554 505 710 589 professus
724 503 855 588 grandia
869 513 994 588 turget;
1214 466 1216 537 l

179 590 285 675 Serpit
300 590 385 653 humi
402 600 486 654 tutus
501 590 631 653 nimium
647 590 836 674 timidusque
851 590 1005 675 procellae.
1214 580 1215 651 l

178 677 243 750 Qui
259 677 376 740 variare
392 677 478 760 cupit
492 699 556 739 rem
572 675 785 762 prodigialiter
801 698 904 750 unam,

178 762 374 846 Delphinum
391 763 475 826 silvis
489 761 642 848 appingit,
659 763 805 826 fluctibus
819 784 938 846 aprum.
1084 765 1126 822 30

178 848 217 912 In
233 849 342 912 vitium
358 849 444 911 ducit
458 849 558 934 culpae
572 851 656 933 suga,
673 847 698 911 si
715 861 799 912 caret
813 860 889 911 arte.

179 934 346 999 AEmilium
362 935 441 999 circa
458 935 564 997 ludum
580 936 666 998 faber
681 957 761 997 unus
776 949 809 998 et
823 955 944 1019 ungues

181 1020 347 1105 Exprimet
362 1033 395 1084 et
409 1021 517 1084 molles
532 1021 703 1086 imitabitur
717 1043 778 1084 aure
794 1021 931 1105 capillos,

179 1103 296 1170 infelix
311 1108 414 1192 operis
430 1109 560 1182 summa,
577 1107 652 1192 quia
666 1129 782 1192 ponere
798 1120 896 1178 torum

179 1192 317 1258 Nesciet.
354 1193 450 1256 Hunc
465 1216 525 1278 ego
540 1216 600 1268 me,
617 1193 642 1256 si
659 1192 733 1278 quid
749 1215 935 1277 componere
950 1213 1068 1268 curem,
1084 1194 1125 1252 35

180 1278 252 1342 Non
269 1279 367 1364 magis
384 1302 450 1343 esse
466 1280 572 1354 velim,
584 1302 676 1364 quam
693 1287 767 1342 naso
782 1279 887 1342 vivere
902 1300 1008 1364 pravo,

180 1367 390 1452 Spectandum
407 1365 504 1452 nigris
519 1365 616 1429 oculis
630 1367 784 1451 nigroque
799 1365 919 1448 capillo.

221 1453 343 1516 Sumite
358 1452 516 1516 materiam
533 1451 653 1527 vestris,
671 1452 725 1537 qui
739 1451 882 1527 scribitis,
897 1472 1019 1535 aequam

179 1536 324 1611 Viribus;
349 1553 380 1601 et
396 1551 515 1602 versate
531 1538 594 1614 diu,-
611 1539 686 1623 quid
702 1539 783 1601 serre
798 1550 953 1612 recusent,

180 1623 266 1696 Quid
282 1623 406 1688 valeant
421 1623 552 1688 humeri.
599 1625 660 1688 Cui
677 1624 758 1687 lecta
772 1637 916 1709 potenter
931 1620 991 1686 erit
1004 1644 1066 1699 res,
1086 1627 1128 1684 tu

179 1709 250 1773 Nec
265 1710 408 1792 facundia
423 1710 547 1774 deseret
561 1709 654 1786 hunc,
670 1733 729 1772 nec
744 1709 864 1773 lucidus
878 1708 962 1772 ordo.

180 1795 309 1860 Ordinis
325 1797 391 1860 haec
405 1797 502 1860 virtus
518 1796 577 1859 erit
592 1809 624 1860 et
640 1818 745 1872 venus,
762 1813 816 1859 aut
831 1819 891 1882 ego
907 1794 1006 1870 fallor,

180 1881 229 1946 Ut
238 1882 303 1967 jam
320 1905 404 1944 nunc
419 1882 502 1946 dicat
510 1883 577 1967 jam
593 1905 677 1945 nunc
692 1882 839 1946 debentia
852 1880 924 1956 dici,
1214 1934 1215 1967 ,

181 1967 336 2053 Pleraque
352 1967 473 2032 differat
489 1979 521 2032 et
536 1990 671 2053 praesens
685 1967 717 2030 in
734 1980 858 2053 tempus
871 1967 1002 2030 omittat.

224 2053 261 2117 ln
277 2053 379 2119 verbis
395 2054 487 2118 etiam
505 2054 607 2117 tenuis
623 2065 794 2139 cautusque
808 2053 959 2129 serendis,
1083 2057 1127 2114 45

179 2139 252 2205 Hoc
266 2152 360 2219 amet,
377 2139 435 2204 hoc
449 2152 574 2226 spernat
589 2141 732 2226 promissi
748 2141 890 2203 carminis
904 2150 1023 2203 auctor.
1214 2124 1215 2205 l

179 2226 308 2292 Dixeris
323 2226 462 2313 egregie,
478 2240 586 2290 notum
601 2227 628 2290 si
643 2227 754 2290 callida
767 2227 896 2290 verbum
1214 2210 1215 2303 l

127 2310 130 2318 ’
180 2307 366 2378 Reddiderit
376 2313 525 2398 junctura
538 2336 665 2378 novum.
712 2312 747 2376 Si
763 2313 842 2376 forte
857 2333 984 2375 necesse
1000 2321 1050 2376 est

180 2398 307 2463 Iudiciis
322 2413 493 2462 monstrare
507 2399 684 2463 recentibus
698 2398 801 2462 abdita
815 2421 918 2461 rerum
930 2421 939 2474 3
976 2470 980 2476 Δ

179 2485 315 2571 Fingere
331 2485 476 2550 cinctutis
491 2508 552 2550 non
569 2484 716 2548 exaudita
732 2484 883 2571 Cethegis
1086 2487 1128 2546 50
1214 2478 1215 2555 l

181 2569 372 2658 Continget3
395 2570 581 2655 dabiturque
597 2571 723 2634 licentia
737 2585 861 2656 sumpta
876 2569 1041 2656 pudenter.

182 2655 224 2719 Et
240 2678 319 2720 nova
334 2656 467 2741 fictaque
483 2679 584 2742 nuper
600 2655 760 2720 habebunt
773 2656 868 2720 verba
883 2657 987 2730 iidem,
1003 2655 1032 2721 si
1214 2718 1215 2737 ,

180 2740 294 2806 Graeco
310 2744 394 2806 fonte
411 2743 532 2820 cadent,
549 2765 641 2828 parce
656 2743 785 2807 detorta
831 2741 919 2817 Quid
934 2756 1039 2806 autern

181 2827 309 2892 Caecilio
326 2827 501 2914 Plautoque
516 2828 602 2892 dabit
620 2828 791 2905 Romanus,
806 2829 987 2914 ademptum

182 2913 316 3000 Virgilio
332 2913 518 2999 Varioque?
553 2913 626 3001 Ego
641 2939 706 2990 cur,
721 2915 883 3000 acquirere
898 2936 998 3000 pauca
1086 2916 1128 2977 55
1214 2904 1215 2989 l

183 3000 217 3064 si
233 3022 367 3086 possum,
384 2999 548 3065 invideor?
568 3024 664 3087 quum
680 3002 789 3087 lingua
805 3001 935 3064 Catonis
949 3014 983 3064 et
998 2999 1085 3064 Enni

183 3087 365 3150 Sermonem
381 3087 513 3170 patrium
529 3087 684 3164 ditaverit,
701 3102 734 3150 et
748 3110 831 3150 nova
843 3109 945 3152 rerum

181 3171 318 3238 Nomina
332 3172 521 3255 protulerit?
566 3173 682 3250 Licuit,
699 3195 886 3259 semperque
900 3171 1019 3248 licebit,

181 3259 346 3345 Signatum
362 3271 514 3342 praesente
530 3261 605 3326 notb
621 3260 791 3345 producere
806 3281 931 3322 nomen.
968 3255 971 3261 ’

164 3367 166 3372 ·
181 3344 229 3409 Ut
243 3344 328 3407 silvae
343 3343 425 3406 toliis
440 3365 554 3428 pronos
568 3358 727 3410 mutantur
741 3347 773 3410 iu
788 3368 897 3421 annos,

181 3429 286 3494 Prima
301 3429 433 3504 caduut3
456 3429 499 3494 ita
514 3430 677 3494 verborum
694 3446 784 3496 vetus
799 3433 906 3496 interit
920 3443 1003 3508 aas,

181 3513 224 3577 Et
235 3517 387 3598 juvenum
403 3514 465 3578 ritu
480 3513 592 3580 florent
606 3517 698 3580 modo
714 3532 785 3582 nata
800 3520 983 3603 vigentque.

180 3597 344 3665 Debemur
359 3600 451 3666 murti
465 3622 522 3666 nos
536 3615 702 3687 nostraque
710 3625 721 3677 3
742 3604 808 3669 sive
823 3619 967 3690 receptus
