2442 4059
117 290 154 327 ιο
171 274 301 340 essonae]
443 273 727 324 tuuuaeuuunuro
994 269 1058 335 277

154 428 288 478 loa-loo.
313 424 415 489 [curabis
430 423 537 487 reddare]
558 428 616 473 ‘uec
631 424 655 470 ln
671 440 699 471 eo
715 424 850 480 elaborabis,
867 434 893 472 ut
912 440 981 485 quam
998 426 1057 472 flde-

118 495 208 541 lissime
221 496 329 540 Graecum
342 492 435 551 aliquod
447 494 566 555 exemplar
582 492 606 536 in
620 490 728 536 Latinum
740 501 874 543 contemnar
893 506 946 536 nam
959 505 1057 550 pravum

117 560 164 605 hoc
175 558 279 605 studium
296 556 367 603 officit
385 557 455 602 etiam
473 556 584 602 sermonis
599 554 720 621 elegantiae
737 564 761 601 et
777 555 885 615 pusillum
903 556 980 615 prodit
990 555 1057 615 inge·

118 623 203 670 nium!
237 623 369 669 Secundum
392 622 435 667 hoc
456 632 506 667 erat
527 620 617 675 vitium,
639 620 669 666 ad
690 620 753 678 quod
774 620 841 679 proni
862 629 928 666 erant
947 620 1057 678 Romani,

119 702 195 747 quum
218 689 310 734 Graecos
336 685 496 738 imitarentur;
520 685 572 731 vide
594 685 664 730 modo
688 685 777 730 Medeae
806 685 919 730 Enniauae
940 685 1056 745 reliquias.

119 753 217 811 (Eurip.
230 752 293 797 Med.
304 751 359 805 502,
377 750 434 796 Νῦν
446 751 490 797 ποῖ
501 746 647 811 τράπωμαι;
664 746 757 808 πότερα
775 748 838 812 πρὸς
848 748 945 810 πατρὸς
961 747 1058 811 δόμους,

119 816 173 872 obe
183 814 224 863 coi
236 810 362 878 προδοῦσα
373 812 415 861 καί
431 811 532 878 πάτραν
550 810 689 877 dorcium
702 809 735 859 *ll
748 813 812 874 πρὸς
829 812 954 870 ταλαίνας
964 812 1057 861 nstra-

120 878 182 938 δαςς
212 882 318 928 Ennius:
347 882 395 930 Quo
414 895 477 943 nunc
493 895 526 927 ma
547 881 653 926 sertam?
677 881 736 938 quod
754 881 799 925 iter
819 882 925 939 incipiam
946 882 1037 941 ingredi
1044 882 1057 927 i

119 948 218 993 Doraara
226 944 389 1007 paternacensi
407 960 465 991 anne
479 946 510 991 ad
520 944 591 990 Peliae
600 945 693 1002 filimi)
703 967 733 977 -
742 939 794 1003 [nec
802 941 904 1005 desilies]
922 944 1058 1003 Significare

120 1012 215 1057 ridetur
230 1010 337 1073 fabellam
348 1008 467 1069 AEsopiam
484 1010 512 1055 de
530 1009 600 1067 capri
614 1007 639 1052 in
655 1018 751 1067 puteum
766 1009 893 1055 desiliente.
928 1010 955 1054 V.
966 1011 1058 1056 desilire

120 1076 276 1121 temeritatem
295 1074 346 1121 tulis
364 1074 449 1134 incepti
467 1081 539 1120 notat.
554 1097 587 1106 -
598 1070 637 1134 [ιίι
652 1068 740 1133 ortam]
759 1072 799 1118 ‘Si
817 1073 842 1117 in
859 1076 928 1119 rebus
946 1088 973 1119 ac
990 1088 1058 1136 περι-

121 1139 234 1196 πετείαις
245 1139 285 1197 (de
296 1138 371 1185 serbis
386 1147 454 1184 antea
464 1136 612 1198 monuerats)
630 1137 707 1183 statim
718 1140 747 1182 ab
762 1137 829 1183 initio
841 1135 910 1183 nimis
921 1147 943 1183 te
954 1140 1057 1199 applica·

121 1206 183 1251 veris
200 1204 318 1263 tragoedlse
335 1202 404 1249 alicui
421 1205 515 1258 Graecae,
535 1210 557 1247 te
575 1202 700 1249 coarctabis
718 1200 768 1261 ipse
782 1209 806 1247 et
824 1203 889 1261 quasi
906 1203 999 1249 vincula
1015 1203 1058 1250 tibi

120 1269 227 1330 iniicies3
244 1284 273 1314 ex
281 1283 330 1327 quo
341 1267 388 1324 liet,
406 1277 432 1314 ut
444 1282 499 1312 mox
513 1266 620 1327 proprius
635 1266 710 1326 pudor
722 1275 744 1311 te
756 1266 875 1325 impediat,
895 1267 950 1326 quin
962 1267 1058 1314 liberius

119 1334 240 1380 interdum
252 1332 394 1394 exspatiere..
421 1332 474 1378 Non
486 1332 582 1395 audebis
593 1346 669 1391 neque
680 1331 765 1377 addere
776 1331 902 1391 quidquam
912 1346 955 1378 nec
965 1332 1058 1378 demere

121 1414 167 1445 nec
189 1407 287 1453 mutare,
310 1397 402 1452 timens,
424 1411 455 1443 ne
477 1396 563 1455 quaeris
588 1395 720 1442 immutatio
740 1396 907 1455 spectatoribus
927 1396 1010 1443 inscita
1031 1411 1058 1443 ac

120 1463 246 1510 temeraria
263 1464 369 1508 uideatur
386 1475 471 1520 eosque
490 1459 676 1521 λαιοῦ-[ανδ
686 1462 759 1521 operis
770 1457 819 1521 les]
837 1457 984 1524 *οἰκονομία
1000 1463 1058 1508 ordo

121 1542 150 1575 sc
167 1528 290 1587 descriptio
309 1528 358 1586 ejus
377 1526 504 1585 tragoediae,
522 1540 591 1584 quam
609 1524 747 1578 imitandam
764 1526 895 1586 sumpsisti,
918 1526 1059 1573 oecoaomica

121 1592 244 1652 dispositio
265 1592 371 1638 omnibus
387 1600 443 1635 nota
461 1598 485 1636 et
503 1604 517 1635 a
534 1592 581 1649 quis
598 1589 687 1635 deflecti
706 1589 744 1634 vix
760 1591 853 1649 poteris,
879 1606 959 1649 quum,
978 1590 998 1637 si
1014 1592 1058 1638 hoc

121 1656 199 1704 facere
210 1658 303 1713 audeas,
320 1656 431 1701 mutando
441 1655 466 1700 in
477 1654 557 1714 primis
566 1652 750 1716 ’καταστροφὴν
760 1663 831 1713 atque
841 1655 930 1701 exitum
941 1655 1058 1716 sapienter

122 1736 137 1769 a
149 1721 231 1768 Graeeo
242 1723 310 1781 poeti
321 1720 477 1775 constitutum,
489 1719 567 1765 statim
578 1734 659 1765 omnes
668 1719 775 1777 imperite
787 1727 808 1764 te
819 1719 894 1778 egisse
904 1721 1019 1767 clament!

158 1786 211 1834 1³6.
229 1783 292 1847 [Nec
307 1782 352 1846 sio]
373 1785 422 1830 llos
439 1785 488 1830 loco
506 1782 553 1845 (rr.
570 1781 707 1842 lat-loa)
726 1798 739 1829 a
758 1798 843 1843 genere
859 1785 946 1843 tragico
967 1785 1059 1844 digredi
1127 1830 1131 1836 Α

121 1850 216 1897 videtur
227 1850 395 1904 tantummodo,
414 1862 439 1894 re
455 1849 510 1907 reri
527 1862 573 1893 non
589 1847 726 1907 digreditur,
742 1849 783 1894 sed
794 1850 901 1910 exempla
912 1860 935 1896 ct
945 1850 1059 1897 virtutum

122 1924 148 1961 et
159 1916 268 1961 vitiorum
279 1915 429 1975 poeticorum,
446 1915 497 1973 qua
513 1913 595 1959 afferre
612 1913 710 1968 volebat,
727 1912 796 1972 longe
807 1914 896 1961 facilius
906 1916 981 1975 repeti
991 1924 1058 1975 pote·
1070 1926 1073 1931 ·

122 1988 178 2027 rant
188 1994 217 2025 ex
229 1980 302 2040 poetis
316 1979 387 2039 epicis
403 1992 472 2037 quam
489 1992 518 2023 ex
535 1976 654 2036 tragoediis
669 1978 756 2023 Graecis
773 1980 901 2039 harumque
912 1980 1060 2026 exordiis.-

120 2041 248 2106 [speum]
274 2045 396 2090 Poetarum
417 2042 556 2102 cyclicorum
578 2042 672 2087 nomine
692 2042 838 2101 grammatici
860 2046 1013 2090 Alexandrini
1035 2053 1060 2091 et

126 2109 218 2156 Horatii
230 2109 329 2169 aequales
344 2122 383 2155 eos
394 2107 539 2166 potissimum
549 2107 768 2167 complectebantur,
783 2123 840 2168 quos
851 2110 955 2155 nominat
965 2110 1059 2156 Procius

123 2174 149 2219 in
168 2172 362 2220 Chrestomathice
383 2172 504 2231 Excerptis
521 2171 584 2231 apud
601 2173 628 2218 C.
647 2172 677 2217 G.
692 2170 818 2218 Millerum
836 2175 865 2219 de
877 2174 957 2232 Cyclo,
980 2189 1002 2233 p.
1019 2174 1058 2221 39.

124 2239 201 2285 Erant
212 2237 244 2285 τὰ
255 2236 358 2300 Κύπρια
369 2236 453 2283 Stasini
464 2237 500 2282 rel
511 2236 630 2294 Hegesini,
642 2233 853 2294 Αιοιίοἰλίθιοπίς
864 2236 969 2296 (Olymp.
978 2237 1058 2300 1-9.)

124 2298 205 2358 Ἰλιὰς
215 2301 297 2366 μιαρά,
312 2302 378 2363 cujus
393 2300 490 2361 scriptor
506 2299 623 2347 ferebatur
636 2300 734 2346 Lescbes
751 2302 855 2362 (Olymp.
868 2302 919 2360 30.)
939 2317 1011 2361 usque
1028 2304 1059 2349 ad

124 2366 172 2415 riv
188 2363 298 2431 δούρειον
314 2361 397 2413 ἵππον
414 2365 437 2411 in
459 2366 551 2425 'frojam
568 2365 740 2420 introductum
758 2366 848 2412 Arctini
864 2362 940 2413 'lilios
956 2362 1058 2428 ripales

124 2428 220 2480 Ndoros
236 2434 333 2478 heroum
350 2433 379 2476 ab
397 2429 456 2488 ugia
475 2428 538 2490 (post
549 2430 642 2490 Olymp.
655 2426 698 2489 20)
718 2430 845 2489 compositi,
862 2445 944 2491 poema
961 2430 1059 2494 παράλ-
1153 2482 1155 2486 .

123 2494 206 2555 ληλον
218 2498 335 2557 Odysseae.
359 2493 499 2557 Τηλεγονία
511 2494 679 2552 Eugammouis
699 2491 805 2555 (Olymp.
814 2494 857 2556 53)
874 2497 903 2541 de
914 2496 998 2555 quibus
1009 2512 1060 2543 om·

124 2562 193 2608 nibus
205 2574 266 2609 recta
277 2560 403 2607 Scholiasta
415 2560 541 2605 clementis
553 2560 621 2605 Ales.
633 2559 670 2605 ed.
687 2558 749 2618 Lips.
765 2570 781 2605 t.
793 2560 816 2615 t,
834 2576 857 2620 p.
872 2560 923 2615 104,
941 2559 1061 2608 Κυιλιιεοδ

124 2624 263 2673 καλοῦνται
275 2622 377 2683 ποιηταὶ
392 2620 416 2670 oi
432 2621 464 2671 τὰ
474 2619 557 2684 κύκλῳ
573 2624 621 2680 τῆς
632 2618 738 2679 Ἰλιάδος
758 2621 829 2683 (adde
840 2624 980 2687 Odysseam)
996 2624 1016 2684 ’ἢ
1028 2624 1060 2672 τὰ

124 2692 214 2753 πρῶτα
237 2688 253 2749 ἣ
276 2688 309 2737 τὰ
329 2684 523 2752 μιναγενέοτιρα
544 2686 570 2742 ἐξ
592 2686 677 2736 αὐτῶν
697 2688 750 2735 τῶν
770 2685 909 2752 Ὁμηρικῶν
931 2686 1060 2754 συγγράψ-

123 2771 206 2803 αντε.

159 2772 294 2876 Idci-139.
318 2813 467 2879 [Fortunam]
492 2818 569 2877 Hujus
585 2816 692 2863 versiculi
707 2818 826 2877 exemplar
837 2820 945 2865 Graecum
957 2822 1060 2867 nondum

124 2894 243 2945 repertum
265 2893 312 2939 est3
337 2884 400 2929 unde
422 2882 506 2941 triplex
527 2882 600 2927 oritur
621 2881 734 2942 suspicio:
760 2882 799 2944 (1)
816 2884 852 2929 rel
873 2883 918 2929 suit
937 2886 1060 2932 exordium

124 2950 183 3009 cycli
201 2947 408 3008 Pseudopisandrei
429 2948 544 3008 (Maerob.
565 2947 611 2992 Sat.
623 2947 646 3001 b,
666 2946 689 2991 2
714 2947 831 3007 Welclter,
847 2964 869 3008 p.
887 2948 945 3011 97):
969 2948 1006 3010 (2)
1023 2951 1061 2997 rel

124 3014 185 3061 alius
201 3013 311 3061 brevioris
327 3010 440 3072 poematis
459 3010 547 3070 cyclici,
565 3024 646 3057 omnes
657 3011 742 3057 Priami
759 3022 782 3057 et
800 3013 876 3073 Trojae
891 3013 1060 3061 vicissitudines

124 3078 248 3140 complexi,
266 3078 307 3123 sed
326 3077 391 3124 nobis
404 3076 486 3135 ignoti,
503 3074 632 3135 cujusmodi
648 3075 743 3135 aliquod
755 3077 848 3123 'l'zetase
859 3073 974 3126 Ἰλιακῶν
984 3079 1061 3125 simila

127 3136 219 3191 Horatii
238 3142 380 3202 temporibus
401 3140 516 3187 exstitisse
538 3154 581 3187 use
600 3153 644 3201 pro
664 3149 727 3186 certo
750 3141 860 3188 affirmari
882 3157 958 3202 neque
980 3138 1079 3203 negari*

124 3216 212 3269 potest:
231 3204 270 3267 (3)
288 3207 324 3252 rel
335 3207 387 3253 alirn
398 3206 430 3252 ita
440 3205 603 3266 explicandum
620 3212 662 3261 sst,
681 3213 707 3250 ut
718 3206 776 3251 solet
791 3207 896 3267 usurpari
908 3207 931 3251 in
943 3210 1058 3269 exemplis
1078 3250 1081 3255 .

123 3288 151 3321 sc
161 3273 265 3319 fabellis:
284 3272 332 3317 ‘Ut
346 3270 393 3316 iere
404 3278 572 3316 consueverunt
586 3269 687 3329 incipere
703 3270 825 3330 scriptores
836 3270 932 3331 cyclici!
964 3273 1056 3323 Quarta

123 3339 224 3385 aliorum
245 3337 301 3382 olim
319 3334 398 3394 opinio
415 3334 459 3380 tuit
476 3337 505 3380 ab
527 3335 623 3381 Horatio
644 3333 739 3380 liberius
759 3350 893 3395 expressum
912 3350 962 3382 esse
980 3339 1060 3387 lliadis

124 3417 201 3463 parvae
213 3402 320 3447 initium:
335 3397 418 3445 Ἰλιον
429 3393 500 3446 ἀείδω
512 3396 552 3444 κα)
564 3393 708 3461 Δαρδανίην
718 3394 897 3459 ἐδπιιλον,Ἠς
908 3396 962 3464 πέρι
974 3402 1060 3451 πολλὰ

125 3464 211 3514 πάθον
222 3463 316 3512 Δαναοὶ
328 3458 626 3525 θιράποντις’Δρηος.-
637 3460 725 3523 [seret]
746 3464 841 3511 ‘afferet'
855 3465 949 3511 lectori.¹
979 3468 1060 3518 Quum

125 3545 253 3593 permagna
271 3539 294 3575 et
309 3530 376 3589 quod·
393 3530 423 3574 ad
442 3528 556 3574 smbitum
576 3536 599 3573 et
619 3528 649 3572 sd
668 3527 802 3575 varietatem
818 3530 902 3575 attinet
919 3544 1004 3590 magno
1020 3549 1060 3581 ore

124 3594 246 3657 promittit,
264 3594 322 3639 nihil
338 3593 401 3639 aliud
412 3593 451 3638 dat
462 3606 532 3652 quam
543 3590 641 3638 informe
652 3606 734 3651 poem
741 3594 901 3653 cyclicum—
910 3590 1059 3660 [promissor]

124 3660 181 3722 ‘qui
199 3674 287 3720 magna
304 3658 434 3720 pollicetur,
450 3656 509 3704 nibil
528 3656 681 3719 prestat'-
692 3655 782 3720 [biatu]
811 3661 870 3706 ‘ore
890 3658 1014 3708 ridiculum
1034 3664 1060 3711 iu
