2442 4059
146 258 189 316 20
444 271 644 321 surraanurr
665 278 733 326 ura.
749 280 771 322 1.
788 264 817 325 9.

150 425 253 489 Solem
270 426 355 493 Asiae
372 427 503 492 Brutum
520 429 665 515 appellat,
681 432 846 517 stellasque
861 434 999 500 salubres

148 512 298 598 Appellat
312 514 448 591 comiteS,
466 528 596 601 excepto
614 516 725 603 Rege3
748 541 855 582 canem
870 520 968 598 illum,
1042 526 1085 588 25

146 596 288 661 Invisum
302 599 442 685 agricolis
457 600 550 678 sidus,
567 602 698 667 venisse.
744 603 878 683 Ruebat,

149 682 281 747 Flumen
297 701 332 750 ut
346 685 517 763 hibernum,
534 686 633 751 fertur
648 711 710 773 quo
724 712 792 754 rara
806 691 930 757 securis.

148 768 232 831 Tum
250 771 459 836 Praenestinus
473 773 552 837 salso
567 773 727 859 multoque
742 776 852 841 fluenti

149 852 305 939 Expressa
318 859 443 923 arbusto
457 858 573 945 regerit
587 860 734 939 convicia,
750 861 846 927 durus

148 939 363 1007 Vindemiator
378 956 410 1008 et
424 944 565 1020 invictus,
583 946 632 1009 cui
648 969 730 1031 saepe
746 948 844 1014 viator
1043 954 1086 1013 30

150 1025 311 1106 Cessisset,
327 1031 439 1114 magud
455 1031 643 1116 compellans
657 1056 732 1096 voce
748 1035 913 1098 cucullum.

148 1114 195 1175 At
210 1113 349 1191 Graecus,
367 1128 528 1201 postquam
544 1130 591 1181 est
607 1117 686 1182 Italo
701 1120 843 1204 perfusus
859 1133 956 1197 aceto,
971 1178 977 1193 .

149 1196 275 1263 Persius
289 1201 459 1267 exclamat:
485 1201 547 1266 Per
561 1225 700 1289 magnos,
718 1204 826 1283 Brute,
845 1206 932 1270 Deos
947 1218 978 1272 te

149 1282 226 1361 Oro,
242 1286 296 1371 qui
312 1309 401 1373 reges
416 1288 572 1352 consueris
587 1289 705 1367 tollere,
722 1313 776 1355 cur
791 1314 852 1356 non

149 1368 245 1453 Hunc
269 1371 391 1460 Regem
407 1372 558 1460 jugulas?
579 1396 708 1459 opernm
722 1376 791 1455 boc,
807 1376 999 1456 mihicrede,
1015 1388 1086 1442 tuo-

233 1480 301 1521 rum
317 1470 373 1524 est.
1041 1468 1084 1528 35

527 1574 688 1586 ———

520 1684 640 1727 SATIRA
663 1683 712 1726 IX·

149 1794 236 1859 Ibam
252 1795 331 1859 forte
348 1796 408 1860 vit
426 1798 529 1874 Sacrd,
543 1798 624 1863 sicut
636 1819 724 1862 meus
739 1808 786 1862 est
799 1818 875 1872 mos,

149 1881 264 1945 Nescio
278 1881 353 1967 quid
369 1883 520 1948 meditans
535 1907 699 1970 nugarum,
715 1895 798 1948 totus
812 1884 844 1946 in
860 1882 938 1945 illis:

149 1970 296 2031 Accurrit
310 1968 444 2053 quidam,
461 1983 553 2035 notus
567 1970 644 2034 mihi
659 1969 784 2033 nomine
799 1980 929 2044 tuntum,

148 2052 346 2139 Arreptdque
362 2077 465 2131 manu,
483 2055 570 2130 Quid
584 2056 661 2141 agis,
679 2054 853 2119 dulcissime
868 2052 995 2117 rerum?

150 2138 303 2216 Suaviter,
327 2152 362 2205 ut
383 2162 467 2205 nuno
486 2153 542 2219 est,
564 2140 703 2226 inquam,
726 2154 759 2204 et
780 2140 870 2225 cupio
892 2139 995 2203 omnia
1014 2160 1086 2287 qo}

233 2247 288 2288 vrs.

112 2298 115 2307 ’
150 2308 257 2384 Quum
272 2320 483 2390 assentaretur,
501 2311 675 2398 Numquid
689 2309 761 2376 vis?
775 2333 901 2396 occupo.
946 2312 992 2373 At
1006 2310 1070 2387 ille,

149 2394 243 2461 Noris
258 2419 322 2474 nos,
338 2397 457 2483 inquit3
480 2399 561 2463 docti
575 2421 690 2463 sumus.
735 2397 799 2461 Hic
813 2420 883 2547 epo,
902 2395 1004 2459 Pluris

150 2481 231 2559 Hoc,
247 2482 382 2568 inquam,
399 2485 475 2549 mibi
491 2484 560 2549 eris.
607 2484 724 2549 Misere
738 2484 821 2548 disce
843 2505 895 2547 ere
910 2503 1063 2567 quaerens,

149 2567 200 2631 Ire
215 2569 305 2633 modo
320 2570 414 2646 ocius,
430 2570 584 2635 interdum
600 2571 776 2646 consistere,
793 2570 824 2633 in
839 2590 945 2633 aurem

148 2653 266 2718 Dicere
281 2656 384 2719 neseio
399 2656 474 2743 quid
488 2679 602 2742 puero;
625 2679 721 2741 quom
736 2656 828 2720 sudor
841 2655 881 2719 ad
895 2654 973 2717 imos
1047 2656 1086 2716 10

150 2739 297 2805 Manaret
313 2742 405 2806 talos:
424 2741 455 2806 0
471 2753 511 2819 te,
530 2742 660 2819 Bolano,
677 2741 795 2807 cerebri

150 2824 306 2892 Feliceml
329 2828 448 2892 aiebam
465 2829 584 2905 tacitus,
601 2851 698 2913 quum
714 2827 867 2914 quidlibet
880 2825 934 2890 ille

150 2911 301 2989 Garriret,
317 2914 410 2990 vicos,
428 2914 534 2978 urbem
550 2915 697 2979 laudaret.
744 2914 792 2979 Ut
805 2913 850 2976 illi

149 2996 205 3061 Nil
220 2999 452 3084 respondebam,
471 3000 590 3065 Misere
606 3000 702 3086 cupis,
719 2999 830 3084 inquit,
842 2996 938 3072 abire,

148 3084 219 3148 Jam
235 3084 350 3148 dudum
365 3085 474 3149 video:
499 3087 553 3151 sed
569 3086 613 3149 nil
627 3086 712 3186 agis3
735 3107 834 3170 usque
850 3083 982 3158 teneb03
1047 3086 1086 3145 15

150 3169 324 3255 Persequar
353 3171 435 3249 hinc,
462 3194 525 3257 quo
550 3194 634 3236 nunc
652 3183 712 3236 rter
735 3184 783 3235 est
808 3169 874 3235 tibi.
929 3166 984 3231 Nil
1009 3189 1087 3254 opus

233 3270 280 3320 est
295 3267 325 3319 te

150 3339 345 3427 Circumagi:
368 3343 523 3426 quendam
538 3343 608 3406 volo
623 3341 722 3406 visere
737 3363 798 3404 non
814 3339 871 3404 tibi
887 3349 1015 3415 notum3

150 3423 250 3488 Trans
266 3426 406 3491 Tiberim
422 3428 515 3513 longe
531 3426 624 3491 cubat
637 3427 674 3503 is,
690 3448 786 3512 prope
803 3424 933 3490 Caesaris
947 3425 1062 3488 hortos.

149 3507 204 3572 Nil
228 3510 325 3576 habeo
340 3512 423 3597 quod
445 3534 546 3599 agam,
563 3524 595 3576 et
615 3534 677 3575 non
698 3534 767 3576 sum
789 3510 897 3598 piger3
923 3533 1019 3596 usque
1037 3531 1087 3573 se-

234 3611 367 3680 quarte.
