2442 4059
97 262 153 299 uls.
166 262 195 299 ιι.
215 247 247 313 1.]
431 214 721 300 ΙΝΤΕΕΡΒΕΤΑΤΙΟί
980 249 1044 314 245

133 401 237 448 10-11
277 396 402 461 [contudit]
443 401 555 449 Herculea
581 402 617 465 τῷ
638 397 744 465 ῥοπάλῳ
766 400 813 457 τὰς
833 401 942 466 κεφαλὰς
960 399 1041 460 αὐτῆς

95 462 182 524 ἔκοψε.
210 466 316 525 Apollod.
333 467 357 521 2,
375 466 398 523 5,
417 467 439 512 2.
481 467 576 526 Proprie
593 468 663 527 igitur
679 469 782 515 contudit
797 469 856 515 dixit
878 484 919 529 pro
935 470 1041 530 peremit.

95 554 132 565 -
146 527 246 591 [fatali]
264 530 327 577 fatali
344 532 480 577 necessitate
495 532 591 578 Herculi
608 533 718 592 imposita
730 535 760 579 ab
771 534 913 592 Eurystheo,
929 533 984 593 qnia
994 533 1040 589 iric,

95 609 150 641 rem
172 596 206 641 ita
225 596 361 641 moderante
378 596 478 651 Junone,
495 596 557 655 prior
573 597 615 643 illo
632 606 699 643 natus
716 605 815 645 erat-
826 598 945 658 Comperit
967 612 1041 643 unum

14 682 15 685 ¹
94 667 179 705 umen
197 668 334 714 monstrum,
351 659 471 714 invidiam,
490 661 558 707 aliter
575 676 622 707 non
639 676 707 722 posse
723 661 811 709 domari
830 664 875 709 nisi
890 674 963 709 morte
981 665 1041 723 eius,

95 724 136 771 cui
149 724 314 771 invidetne-
323 720 406 786 [Urit]
423 726 570 784 ‘Splendore
585 726 650 772 enim
663 742 707 773 suo
721 726 786 773 laedit
800 730 909 786 aquales,
926 728 966 788 qui
977 736 1040 773 cete-

95 803 179 835 rorum
201 798 263 835 artes
282 789 424 849 virtutesque
442 790 490 835 suis
510 791 577 849 longa
596 791 717 837 inferiores
735 794 951 853 praeponderasset
968 807 1040 853 prop·
1102 848 1105 855 Ι

95 861 164 900 terea
174 854 225 913 ipso
235 868 278 899 suo
289 854 391 913 pondere
408 863 478 914 atque
490 854 512 900 si
523 854 614 914 ingenti
629 856 675 902 alte
689 856 819 916 deprimere
835 858 927 902 videtur
936 858 956 911 ;’
973 872 1040 904 urere

95 932 156 976 ergo
166 928 202 964 est
212 919 304 973 laedere,
321 918 439 965 offendere
453 934 482 965 eo
493 920 556 978 quod
566 920 644 966 aliena
657 921 731 980 gloria
745 929 863 979 tamqnam
876 922 951 979 fulgor
962 922 1041 968 oculos

95 983 244 1041 reliquorum
260 982 409 1043 praestringit,
425 999 572 1043 praegravare
589 994 676 1039 autem,
693 994 720 1031 ut
733 987 780 1031 Sat.
793 986 815 1041 2,
827 986 849 1037 2,
861 985 900 1040 78.
909 983 1037 1048 -[artes]

94 1047 212 1093 latissimo
228 1047 367 1106 significatu,
384 1044 575 1109 ίπιτηὸεὑματα,
599 1050 683 1106 studia,
704 1050 775 1095 etiam
791 1049 815 1094 iu
832 1053 901 1096 rebus
924 1051 1039 1106 civilibus,

94 1111 199 1171 ideoque
218 1113 289 1177 etiam
309 1112 421 1169 homines,
439 1114 479 1173 qui
494 1123 556 1158 artes
573 1113 663 1160 minore
680 1114 765 1175 peritii
781 1129 852 1173 quam
873 1115 922 1175 ipse
944 1116 984 1161 ille
1003 1115 1038 1161 vir

95 1190 204 1223 summus
214 1186 284 1236 atque
296 1176 508 1237 experientissimus
519 1187 636 1225 exercent.

132 1241 170 1295 15,
185 1240 221 1288 16.
239 1238 376 1303 [Praesents‘]
400 1244 406 1267 ‘
420 1242 467 1288 Nos
478 1251 559 1289 contra
570 1242 614 1289 hac
625 1243 650 1289 in
660 1258 685 1289 re
696 1240 778 1303 priscis
788 1243 834 1289 illis
845 1243 933 1291 Grecis
943 1241 1036 1304 sapien·

35 1326 38 1331 ·
96 1304 170 1351 tiores
181 1308 232 1367 jam
250 1321 312 1352 nunc
326 1308 385 1353 ultro
399 1306 546 1366 agnoscimus
563 1309 685 1367 preclaras
703 1318 755 1355 tuas
772 1308 868 1355 virtutes
887 1317 964 1367 teque,
981 1310 1039 1354 duna

95 1369 161 1415 iuter
172 1384 214 1416 nos
228 1370 334 1424 versaris,
350 1371 507 1418 honoramus.'
516 1369 682 1433 -[nsotstros]
700 1373 867 1432 ‘tempestivos
878 1373 902 1418 in
918 1374 973 1427 vita,
990 1388 1038 1419 nou

95 1448 162 1481 seros
178 1444 229 1494 post
241 1436 393 1482 mortem'—
404 1432 522 1497 [bonores]
540 1437 669 1497 praesertim
683 1437 811 1484 libationes.
835 1438 879 1483 Od.
891 1438 913 1493 4,
925 1439 948 1492 5,
959 1437 1038 1484 31.-

97 1496 286 1561 [durandusque]
305 1506 381 1559 'quas
400 1509 566 1561 tenentesper
584 1510 651 1548 tunm
671 1516 757 1547 nomen
774 1502 896 1563 iuremus!
929 1502 977 1549 cic.
994 1517 1038 1563 pro

96 1564 190 1619 Flacco,
202 1564 243 1624 36,
257 1568 284 1620 s's,
295 1568 341 1620 cui,
350 1568 372 1612 si
382 1581 447 1613 arum
458 1572 534 1613 tensas
538 1564 641 1627 juraret,
652 1568 754 1613 vedast
764 1583 833 1614 asmo.

132 1627 235 1676 18-21,
260 1626 331 1691 [διά]
354 1630 418 1676 ‘Sed
430 1630 467 1676 itio
478 1630 540 1676 idem
552 1631 659 1690 populus,
676 1630 717 1677 tibi
729 1646 759 1676 ex
771 1641 818 1677 toto
829 1630 938 1686 deditus,'
955 1632 1038 1677 &e—

95 1692 177 1752 Junge
188 1702 267 1740 autem
277 1696 302 1740 ἑο
313 1710 356 1742 ssno
367 1701 390 1741 te
399 1691 551 1754 anteferenda,
568 1695 593 1740 id
607 1704 650 1750 est,
669 1697 707 1741 ‘te
719 1696 788 1755 longe
802 1708 945 1755 anteponens
956 1696 1038 1743 ceteris

95 1756 351 1820 παίδοιν-[ἰωὴ
363 1756 458 1820 semoto]
477 1762 580 1805 ‘remota
590 1761 641 1818 jam
654 1774 668 1805 e
683 1760 758 1816 terris,
774 1769 897 1820 propterea
911 1762 974 1820 quod
990 1763 1038 1807 ssss's

95 1824 235 1883 temporibus
248 1820 354 1883 defusum
367 1834 429 1879 sunt,
445 1824 470 1870 id
485 1832 526 1880 est,
543 1825 606 1884 quod
621 1838 652 1870 ex
661 1824 703 1871 isti
717 1825 808 1885 legibus
819 1834 917 1871 mortem
928 1826 1037 1872 obierunt

94 1901 195 1947 operum
205 1888 298 1933 illorum
308 1889 429 1935 auctores!

129 1951 234 1999 23-25.
260 1952 370 2012 [ueterum
406 1967 459 2011 gen.
482 1960 558 2000 neutr.
582 1953 704 2000 ‘omnium
722 1962 826 2001 veterum
846 1954 934 2016 linguae
951 1961 1037 2001 nostras

95 2017 360 2063 monumentorum’-
382 2015 485 2080 tubulos]
509 2029 555 2064 xit.
573 2032 587 2065 a
606 2018 744 2066 decemviris
761 2028 860 2079 quatuos
880 2019 964 2065 seculis
981 2028 1036 2065 anta

95 2080 160 2127 hane
173 2082 294 2141 epistolem
308 2083 461 2142 conscriptam
475 2080 738 2145 sancitas—-[Gobt's's]
757 2085 792 2130 De
802 2083 889 2130 soedese
903 2083 964 2129 inter
977 2083 1035 2129 Tar·

95 2144 206 2204 quinium
218 2146 347 2207 Superbum
359 2157 382 2193 et
390 2147 493 2194 Gabinos
503 2147 549 2194 icto
560 2162 581 2193 v.
594 2148 645 2194 Liv.
656 2147 677 2203 1,
685 2148 725 2202 54,
736 2158 761 2194 et
772 2148 867 2207 Dionys.
880 2147 954 2193 Halia
965 2147 1036 2204 4,ou,

95 2208 139 2269 qui
165 2219 249 2269 preter
270 2212 467 2271 exspectationem
493 2226 588 2272 equum
609 2211 680 2258 l'uisse
702 2212 781 2268 tradit,
807 2211 857 2257 hssc
878 2213 1035 2270 subjungens:

95 2269 202 2321 'l’ot‘srtuv
226 2270 278 2323 lori
300 2278 352 2323 τῶν
377 2273 466 2339 ὁρκίων
491 2276 615 2339 μνημεῖον
636 2271 664 2323 ίν
684 2271 769 2339 ‘Pupp
790 2274 901 2335 κείμενον
927 2273 955 2321 ίν
980 2271 1038 2338 ἱερᾷ

96 2336 157 2395 Διὸς
175 2338 289 2399 Πιστίου,
305 2339 337 2388 ὃν
350 2336 469 2401 Ῥωμαῖοι
486 2337 586 2402 Σάγκον
606 2339 736 2399 καλοῦσιν,
755 2338 835 2396 ἀσπίς
847 2337 937 2397 ξυλίνη
953 2334 1036 2402 βίρσρ

94 2399 169 2466 βοείᾳ
181 2404 313 2465 περίτονος
323 2405 368 2451 τοῦ
380 2402 578 2468 σφαγιασθέντος
592 2401 634 2451 isti
649 2406 701 2452 τῶν
712 2401 801 2467 ὁρκίων
812 2402 867 2450 τότε
877 2401 947 2462 βοός,
958 2401 1036 2467 γράμ-

94 2482 175 2529 μασιν
193 2466 326 2530 ἀρχοίεοῖς
346 2466 546 2533 ἐπιγεγραμμένη
565 2468 611 2525 τὰς
630 2466 768 2532 γενομίνας
788 2466 874 2523 αὐτοῖς
890 2466 1035 2531 ὁμολογίας.

96 2532 222 2592 Ejusmodi
239 2535 311 2592 igitur
332 2534 420 2581 stadera
438 2534 569 2593 similiaque
589 2537 620 2580 ab
636 2535 774 2594 antiquariis
797 2534 888 2580 iloratii
907 2534 1035 2592 aequalibus

94 2597 209 2655 singulari
230 2599 308 2645 studio
326 2599 525 2657 investigabamus
540 2605 611 2658 atque
627 2595 966 2660 explicaremus-[rigidis]
986 2599 1035 2645 cia

95 2661 175 2707 Vatia.
195 2662 232 2716 15,
257 2664 338 2710 Sabini
355 2665 490 2710 seuerissimi
505 2666 609 2710 isonium.
655 2664 753 2711 Foetlera
771 2678 850 2709 autem
871 2664 1035 2721 intelliguntur

94 2724 158 2771 inter
175 2727 302 2773 Romulum
319 2736 342 2773 et
359 2728 387 2773 T.
400 2728 494 2773 Tatium
511 2728 547 2773 vel
564 2728 625 2773 inter
642 2728 737 2774 Tullum
754 2727 879 2773 Hostilium
896 2736 920 2773 et
937 2728 1034 2774 Sabinos

95 2788 209 2850 (Dionys.
221 2792 275 2881 lial.
286 2791 310 2867 3,
327 2790 380 2869 331,
396 2788 433 2867 vsi
445 2791 526 2869 primis·
536 2792 615 2868 liberas
624 2792 659 2867 pei
676 2792 775 2879 publicae
786 2792 929 2852 temporibus
940 2793 993 2839 icta.
1002 2817 1034 2828 -

95 2852 174 2978 [oegg
175 2851 225 2974 121
246 2865 431 2982 ῗίίιίίίίζλῑοίίίλλη
438 2858 612 2979 15111111311111
623 2864 669 2968 qe?
670 2890 812 2980 'pontificum
829 2920 894 2966 libris
913 2920 1037 2967 ritualibus

93 2981 236 3044 inter'preter
253 2987 282 3031 de
303 2986 433 3032 Annalibus
453 2985 561 3031 maximia
578 3000 592 3031 a
607 2985 716 3044 pontifice
730 2987 833 3031 maximo
851 2986 975 3045 quotannis
989 2985 1035 3031 cir·

93 3049 153 3095 citer
164 3051 279 3108 usquead
290 3063 313 3097 a.
323 3062 347 3095 ts.
355 3062 377 3095 c.
388 3049 437 3097 620
447 3049 562 3097 consectis.
593 3050 641 3095 Cic.
651 3051 680 3095 de
694 3050 764 3109 Lea.
777 3049 797 3106 l,
809 3050 832 3104 2,
849 3052 949 3096 Annales
958 3052 1035 3108 postli-

87 3114 160 3175 ficu·
171 3116 323 3169 maximorum,
334 3117 415 3176 quibus
426 3117 484 3161 nibil
491 3121 565 3175 polest
574 3130 622 3161 esse
624 3112 759 3175 jucundans
781 3111 901 3175 (Ursinus,
906 3109 1035 3175 jejunius.)

94 3202 129 3213 -
147 3176 272 3239 [uolumina
291 3176 380 3240 oatssm]
405 3179 533 3227 ‘vaticinia
551 3180 656 3225 versibus
677 3178 792 3225 Saturuiis
812 3180 939 3239 composita
958 3193 972 3224 a
990 3178 1034 3225 Cu.

96 3242 203 3297 Marcio:
220 3242 268 3289 Lis.
281 3244 368 3301 25,12,
387 3244 425 3289 ubi
443 3245 493 3304 ipsa
503 3242 561 3291 vatis
572 3246 649 3299 verba,
661 3244 724 3302 quod
735 3253 803 3290 erant
816 3243 955 3302 antiquiora,
966 3242 1034 3301 paul-

93 3306 144 3353 lum
166 3316 221 3353 sunt
239 3306 537 3370 immutata-[Albano]
563 3310 596 3356 Ut
616 3309 690 3355 Musa
706 3308 732 3354 in
748 3309 860 3355 Parnasso
877 3317 901 3353 et
922 3306 1034 3353 Helicone
1050 3304 1060 3319 ⁹

94 3372 202 3417 Groecam
220 3372 302 3431 poesin
321 3372 484 3428 condiderunt,
505 3374 538 3420 sic
557 3388 588 3420 ex
603 3388 692 3430 eorum,
709 3387 768 3433 quos
789 3373 879 3428 irridet,
894 3370 1035 3430 opiniones

94 3436 205 3483 Camenis
222 3438 246 3482 in
262 3447 340 3484 monte
352 3438 444 3484 Albano
455 3438 508 3484 Jovi
521 3438 604 3485 Latiali
618 3452 684 3485 sacro
698 3438 844 3485 versantibus
858 3436 934 3495 poesis
950 3434 1035 3482 Latina

49 3497 53 3504 '
110 3501 197 3547 roseata
207 3510 264 3547 erat.

92 3515 228 3613 1128-45.
248 3563 293 3627 [Ss'.
304 3562 372 3627 quia]
390 3566 489 3626 ‘Atqui
509 3566 536 3623 si,
555 3568 675 3628 quoniam,
691 3574 718 3613 ut
739 3581 784 3626 eqo
800 3579 893 3624 quoque
912 3578 964 3609 cum
982 3578 1035 3609 om·

16 3596 18 3669 ί
92 3628 164 3677 uibus
182 3630 243 3677 ultro
256 3630 337 3689 fateor,
354 3631 440 3693 scripta
452 3630 767 3743 Gracorufitamuqmmima
786 3644 886 3691 quasque
901 3628 938 3691 (in
955 3628 1037 3690 primis
1104 3634 1108 3643 ’
