2442 4059
198 279 263 346 244
528 282 809 330 mouumentum.
1051 278 1145 345 [nnn.

203 447 303 493 rumque
320 434 453 493 iniquorum
471 440 541 494 atque
557 432 719 493 antiquissima
737 447 836 493 qunque
853 431 877 478 ln
895 431 1010 479 invidiam
1028 448 1107 495 none,
1119 442 1146 481 ut

203 498 238 544 ita
254 499 337 555 dicam,
353 507 473 559 poetarum
492 507 560 545 secta
578 499 646 544 unice
662 498 846 558 predicantium,
864 505 888 543 et
901 498 1021 558 propriam
1036 514 1106 545 suam
1117 500 1145 545 de

203 562 287 609 lisdem
300 564 438 609 sententiam
450 574 552 624 exponat
567 560 600 622 (v.
611 562 662 623 89),
680 564 791 609 extremis
802 561 868 622 quasi
879 562 1030 609 lineamentis
1041 565 1144 625 descrip-

205 635 262 682 tam,
279 630 320 674 sed
336 642 448 688 perquam
461 627 589 687 ingeniose,
606 628 740 673 Grrecorum
757 636 781 672 et
793 629 952 683 Romanorum
962 628 1069 674 indolem
1079 629 1145 675 vitre·

205 706 251 750 que
261 692 362 739 rationes
373 694 468 739 interae
479 700 596 753 comparat
613 689 646 751 (v.
660 688 725 751 106),
741 706 769 738 eo
781 690 875 751 quidem
886 691 991 747 consilio,
1008 700 1036 739 ut
1047 694 1144 739 demon·

204 762 269 812 stret,
291 757 310 802 si
330 758 464 803 Groecorum
481 755 637 803 vetustissima
653 770 753 816 quaque
769 756 872 802 carmina
889 756 938 801 sint
954 757 1027 802 etiam
1048 758 1144 817 optima,

204 819 249 867 hoc
264 821 326 867 idem
333 823 449 882 judicium
459 822 485 867 in
501 822 661 867 Romanomm
672 820 813 866 carminibus
824 821 900 867 locum
911 821 999 867 babere
1010 836 1059 867 non
1069 836 1144 882 posse.

205 884 297 931 Deinde
306 900 359 932 cuns
370 886 529 946 antiquiorum
538 887 697 932 Romanorum
714 884 809 944 ingenio
824 900 839 931 a
849 885 1009 931 subtilioribus
1022 886 1146 933 Musarum

203 950 292 996 artibus
309 951 385 997 alieno
401 966 447 998 non
465 952 515 997 sine
526 950 604 1010 aliqud
622 949 737 996 derisione
755 949 870 995 fervidum
886 950 946 995 illud
964 950 1070 996 studium
1081 966 1145 997 com·

204 1015 279 1074 ponit,
296 1030 342 1074 quo
359 1031 407 1061 suas
422 1016 497 1061 etatis
511 1015 622 1061 homines
633 1015 662 1060 ad
674 1028 753 1060 versus
768 1015 901 1061 scribendos
917 1015 1048 1074 rapiantur,
1064 1016 1144 1061 addit·

204 1092 250 1137 que
261 1080 337 1139 poesis
347 1080 512 1136 laudationem,
530 1079 554 1124 in
567 1081 614 1138 qui
625 1093 638 1124 a
651 1080 732 1139 jocosa
742 1086 767 1125 et
777 1078 891 1124 submissi
901 1079 1016 1125 motione
1027 1081 1145 1140 usquead

204 1144 327 1190 sublimem
341 1145 478 1203 gravitatem
490 1144 589 1204 assurgit
606 1139 639 1205 (r.
660 1140 726 1201 1³8).
765 1143 846 1189 Postea
858 1144 964 1201 Augusto
974 1144 1052 1203 poesis
1062 1145 1145 1191 condi-

204 1208 291 1254 tionem
305 1216 329 1255 et
344 1210 465 1267 rationem,
483 1210 559 1269 qualis
573 1217 629 1254 tune
640 1208 722 1253 Roma
737 1206 788 1264 fnit,
800 1208 897 1254 scenicae
907 1208 932 1253 in
944 1208 1037 1268 primis,
1047 1211 1146 1269 exponit

205 1270 239 1331 (r.
256 1272 324 1333 213),
340 1286 410 1334 atque
429 1274 500 1320 etiam
520 1273 621 1332 reliquos
640 1280 720 1332 poetes
742 1282 825 1332 prater
840 1273 943 1318 scenicos
960 1273 1062 1333 principi
1078 1288 1144 1320 oom-

204 1338 307 1395 mendat,
332 1353 360 1384 eo
381 1338 527 1398 potissimum
548 1338 643 1383 nomine
663 1351 710 1382 nou
732 1337 890 1396 negligendos,
916 1336 971 1397 quia
993 1338 1101 1397 genem
1120 1348 1145 1385 et

204 1402 285 1463 populi
300 1411 324 1449 et
338 1402 449 1463 principis
463 1402 555 1449 intersit
572 1402 694 1462 praeclaros
704 1403 814 1461 preclare
828 1401 940 1447 sactorum
952 1417 1071 1462 precones
1083 1418 1143 1449 nan-

204 1466 258 1513 cisci
278 1466 309 1528 (v.
322 1467 390 1526 250),
406 1468 468 1527 quod
485 1468 542 1514 dum
563 1467 620 1513 dicit
634 1474 716 1525 sponte
734 1466 800 1525 qussi
822 1474 846 1512 et
861 1466 913 1525 ipsa
927 1467 1042 1513 sermonis
1057 1466 1097 1513 rid
1113 1468 1144 1515 ad

205 1545 257 1577 eam
274 1533 447 1579 excusationem
465 1532 576 1587 defertur,
594 1532 642 1591 qui
660 1530 724 1576 haud
740 1531 813 1577 semel
829 1530 854 1576 in
864 1531 979 1591 poematis
998 1532 1047 1577 suis
1060 1532 1143 1589 utitur,

103 1607 106 1614 ·
204 1609 229 1641 se
247 1596 342 1655 quidem
360 1597 431 1643 tantis
447 1604 541 1657 tamque
556 1595 684 1656 splendidis
699 1596 768 1641 rebus
786 1597 815 1641 ab
826 1596 932 1654 Augusto
945 1596 1019 1655 gestis
1028 1595 1143 1657 imparem

202 1673 254 1705 esse
265 1662 415 1708 celebrandis.
433 1662 491 1709 Zeti.
525 1660 628 1715 Etenim,
641 1667 668 1705 ut
677 1659 732 1706 alibi
744 1662 794 1721 Jam
804 1660 993 1719 significavimus,
1003 1660 1144 1708 abhorrebat

203 1724 296 1771 animus
315 1727 467 1786 voluntasque
485 1727 535 1785 ejm
551 1740 566 1771 a
583 1733 633 1772 toto
647 1724 689 1770 illo
708 1738 794 1783 genere
815 1724 964 1785 panegyrico,
980 1725 1060 1771 medio
1080 1726 1143 1772 inter

203 1788 295 1848 epicum
314 1798 338 1835 et
355 1791 455 1850 lyricum
477 1799 501 1836 et
521 1792 550 1837 ab
570 1798 669 1850 utroque
688 1797 784 1835 remoto.
817 1789 907 1850 Scripta
925 1790 1019 1836 videtur
1036 1790 1144 1851 Epistola

201 1864 226 1899 Δ.
239 1864 263 1899 n.
275 1865 297 1899 c.
312 1853 366 1910 744,
387 1855 477 1902 lloratii
489 1866 528 1901 ns.

237 1916 259 1973 l,
271 1919 293 1965 2.
316 1915 452 1980 [sustineas]
477 1919 643 1965 ‘administres
661 1917 703 1978 lta,
719 1926 746 1964 ut
763 1925 829 1964 tanto
845 1917 911 1963 oneri
929 1933 972 1979 por
990 1918 1023 1965 sis
1036 1918 1141 1966 viribus.⁸

204 1982 319 2030 Suetiuere
340 1992 418 2029 autern
437 1986 535 2045 negotia,
552 1991 578 2030 ut
594 1978 790 2044 onan-[solus]
807 1982 883 2028 Tacit.
903 1983 964 2030 Anu.
983 1983 1005 2039 l,
1022 1984 1046 2040 2,
1064 1986 1142 2031 eaden

202 2050 377 2110 magistratuum
397 2049 512 2103 uocabula,
528 2049 688 2095 sed-omnes
704 2050 774 2094 eruto
794 2049 926 2108 equalitate
940 2046 1010 2108 jussa
1028 2051 1142 2109 principos

204 2114 383 2173 Μαρκίων
397 2110 455 2175 [Rea
469 2109 556 2173 Italas]
582 2112 727 2172 ‘Imperium
745 2112 878 2157 Romanum
896 2120 943 2158 tam
960 2121 1044 2172 potens
1060 2114 1140 2160 reddi-

203 2176 265 2234 disti,
278 2186 304 2224 ut
314 2178 391 2223 nullus
398 2180 448 2238 Jam
460 2176 533 2223 hostis
543 2177 565 2223 ei
581 2178 720 2223 metuendus
731 2173 922 2238 siff-[mortun
931 2174 1010 2239 ornes]
1027 2178 1035 2203 ⁶
1046 2192 1140 2239 operam

202 2255 299 2298 navans,
316 2250 342 2289 ut
360 2256 435 2289 mores
450 2242 567 2302 perbelle
583 2242 608 2287 ln
625 2241 706 2301 primis
723 2240 800 2287 civilia
812 2240 873 2287 loede
884 2242 985 2301 corrupti
997 2243 1028 2287 ad
1039 2243 1140 2303 priorem

202 2306 309 2354 decorem
331 2306 534 2368 integritatemque
551 2314 696 2360 revocentur,
712 2305 784 2365 idque
804 2306 889 2365 partim
908 2307 1003 2366 proprio
1024 2308 1140 2366 exemplo,

202 2371 288 2431 partim
308 2387 387 2419 severe
405 2372 491 2433 punitis
507 2370 620 2418 adulteris
637 2378 708 2429 atque
725 2370 857 2430 impudicis,
874 2370 958 2429 partim
971 2371 1022 2429 lege
1032 2372 1064 2417 de
1073 2372 1140 2418 adul-

202 2436 268 2481 teriis
276 2438 324 2482 latb
334 2446 358 2483 et
368 2437 441 2483 alteri
451 2438 480 2484 de
491 2435 628 2483 maritandis
639 2434 759 2481 ordinibus
773 2435 855 2481 saltem
870 2435 1017 2495 preparatb'
1034 2436 1083 2483 Cir.
1095 2437 1140 2481 0d.
1201 2495 1202 2508 χ

217 2534 259 2620 ’3,
271 2566 292 2611 t.
311 2561 423 2625 [Legibus
439 2560 554 2626 emendes]
582 2563 703 2623 Significat
720 2562 837 2623 precipue
853 2563 1043 2611 emendationem
1060 2563 1140 2611 forme

202 2628 336 2689 reipublice
354 2630 423 2676 totius
442 2636 494 2690 post
515 2629 650 2675 turbulenta
668 2628 709 2674 illa
730 2629 844 2674 bellorum
861 2628 964 2674 civilium
982 2637 1097 2689 temporo,
1114 2630 1140 2675 in

202 2692 284 2753 primis
298 2702 427 2739 accuratam
444 2703 468 2740 et
485 2694 560 2739 ltaliae
579 2701 603 2739 et
620 2691 792 2754 pmvinciarum
803 2690 1140 2756 administrationem—[tus

202 2755 315 2820 tempora]
334 2760 401 2817 ‘qua
411 2757 436 2805 in
448 2757 542 2817 negotia
551 2758 645 2818 publica
654 2757 772 2803 insumere
783 2756 919 2803 decrevisti!

161 2875 164 2881 Ι
234 2822 258 2878 ὅ,
270 2821 292 2868 6.
311 2821 444 2885 [llosnulus]
462 2824 569 2869 ‘lleroes
579 2822 614 2868 illi
627 2822 717 2881 antiqui
732 2824 792 2868 liene
807 2822 836 2867 de
850 2835 936 2880 genere
947 2822 1054 2869 humano
1062 2823 1140 2871 meriti

202 2896 254 2946 post
261 2896 359 2933 mortem
368 2889 463 2933 demum
473 2890 502 2933 ab
513 2886 656 2944 hominibus,
664 2894 733 2933 antea
743 2886 837 2940 invidis,
844 2886 915 2946 justis
925 2887 1054 2934 bonoribus
1064 2888 1141 2935 ail'ecti

202 2964 230 2996 ac
240 2965 283 3010 pro
294 2952 330 2997 dis
344 2953 399 2997 culti
412 2961 479 2999 sunt:
496 2952 623 3011 sapientius
634 2951 730 3012 quidem
740 2960 771 3008 te,
781 2951 871 2998 tundit
881 2954 1001 3012 meJorem,
1007 2954 1058 3013 jam
1070 2968 1140 3008 nnnc,

123 3018 126 3029 ’
203 3021 230 3060 ut
241 3016 345 3074 mereris,
360 3025 483 3063 veneratur
494 3016 593 3077 populus
604 3016 739 3069 Romanum
753 3016 869 3062 sedidem
880 3016 905 3062 in
916 3026 1040 3076 poetarum
1050 3018 1140 3064 meritis

203 3093 258 3127 vere
269 3080 410 3126 aestimandis
420 3081 498 3127 minus
516 3089 579 3127 recto
591 3080 681 3141 judicio
699 3080 735 3126 uti
751 3081 996 3127 consuerit’—Mirb
1009 3090 1062 3128 arte
1072 3096 1140 3128 roca·

204 3146 260 3192 bulo
273 3146 350 3192 Caesar
366 3146 485 3206 subiungit
499 3160 521 3192 r.
533 3146 659 3192 Ramisi:
675 3158 730 3191 natu
741 3145 883 3191 Oetarlnnus
894 3146 953 3191 alter
967 3146 1078 3192 &reales
1087 3147 1141 3201 fuit,

203 3218 231 3255 nt
249 3218 366 3257 senatores
384 3210 491 3256 nonnulli
507 3224 562 3256 eum
577 3211 742 3269 appellandum
758 3218 911 3264 consuerant3
928 3210 1052 3270 prevaluit
1062 3219 1140 3257 tamen

178 3306 180 3312 ·
202 3276 303 3337 Augruti
314 3288 406 3321 nomen.
430 3276 494 3321 Suet.
506 3275 557 3321 Oct.
575 3272 715 3336 7.—[Post
724 3270 911 3336 ingestiofacta]
929 3274 1001 3320 ‘Post
1011 3290 1049 3321 res
1063 3285 1140 3335 gestas

202 3339 291 3386 eximii
301 3340 392 3385 virtutis
403 3338 478 3398 glorib
488 3339 513 3384 in
528 3347 668 3399 perpetuum
679 3339 840 3385 memorabiles
857 3338 882 3383 in
900 3340 997 3384 deorum
1013 3354 1139 3386 numerum

201 3404 420 3451 relati.'·-·deorum
431 3406 455 3450 in
468 3404 550 3464 templa
560 3400 658 3466 recepti]
671 3405 714 3450 ‘ab
725 3402 874 3467 hominibus,’
883 3402 1013 3463 significatu
1026 3418 1048 3451 r.
1056 3406 1139 3465 teapla

200 3470 302 3529 proprio,
321 3483 367 3515 non
380 3469 418 3515 ‘in
429 3467 529 3515 crolum!

232 3530 303 3585 7-9.
322 3530 533 3595 [Dum-condunt,
550 3528 684 3593 Plorsaere]
702 3532 784 3578 ‘Dum
800 3534 860 3579 bene
876 3542 995 3579 merentur
1015 3533 1045 3579 de
1061 3532 1139 3580 bomi-

199 3594 276 3653 nibus,
300 3612 363 3658 tegre
384 3600 458 3647 tulere
479 3605 503 3644 et
519 3610 580 3657 sape
596 3596 717 3656 conquesti
738 3605 794 3643 sunt
812 3598 842 3643 de
863 3596 955 3656 ingrato
973 3596 1071 3645 illorum
1086 3599 1137 3645 aui·

197 3660 252 3717 mo,’
269 3662 312 3708 bc.
