<?xml version="1.0" encoding="UTF-8"?>
<!DOCTYPE html PUBLIC "-//W3C//DTD XHTML 1.0 Transitional//EN"
    "http://www.w3.org/TR/xhtml1/DTD/xhtml1-transitional.dtd">
<html xmlns="http://www.w3.org/1999/xhtml" xml:lang="en" lang="en">
 <head>
  <title>
</title>
<meta http-equiv="Content-Type" content="text/html;charset=utf-8" />
  <meta name='ocr-system' content='tesseract 3.04.00' />
  <meta name='ocr-capabilities' content='ocr_page ocr_carea ocr_par ocr_line ocrx_word'/>
</head>
<body>
  <div class='ocr_page' id='page_1' title='image "./ecloghoratianad00flacgoog_0250.png"; bbox 0 0 2442 4059; ppageno 0'>
   <div class='ocr_carea' id='block_1_1' title="bbox 191 270 1140 347">
    <p class='ocr_par' dir='ltr' id='par_1_1' title="bbox 191 270 1140 347">
     <span class='ocr_line' id='line_1_1' title="bbox 191 270 1140 347; baseline -0.032 -6"><span class='ocrx_word' id='word_1_1' title='bbox 191 274 256 341; x_wconf 73' lang='lat' dir='ltr'><strong>tue</strong></span> <span class='ocrx_word' id='word_1_2' title='bbox 378 334 384 347; x_wconf 65' lang='grc'><strong>,</strong></span> <span class='ocrx_word' id='word_1_3' title='bbox 524 271 806 323; x_wconf 73' lang='grc' dir='ltr'><strong>ιιιιιιιιιιιιιιο.</strong></span> <span class='ocrx_word' id='word_1_4' title='bbox 1044 270 1140 337; x_wconf 74' lang='lat' dir='ltr'><strong>[am.</strong></span> 
     </span>
    </p>
   </div>
   <div class='ocr_carea' id='block_1_2' title="bbox 191 422 1141 1714">
    <p class='ocr_par' dir='ltr' id='par_1_2' title="bbox 191 422 1141 1714">
     <span class='ocr_line' id='line_1_2' title="bbox 193 422 1139 486; baseline -0.001 -13"><span class='ocrx_word' id='word_1_5' title='bbox 193 426 267 473; x_wconf 78' lang='lat' dir='ltr'><strong>Tacit.</strong></span> <span class='ocrx_word' id='word_1_6' title='bbox 287 426 351 471; x_wconf 82' lang='lat' dir='ltr'><strong>Ann.</strong></span> <span class='ocrx_word' id='word_1_7' title='bbox 372 422 408 479; x_wconf 91' lang='grc'><strong>14,</strong></span> <span class='ocrx_word' id='word_1_8' title='bbox 426 424 465 477; x_wconf 78' lang='grc'><strong>35,</strong></span> <span class='ocrx_word' id='word_1_9' title='bbox 484 430 647 471; x_wconf 72' lang='lat' dir='ltr'><strong>contrectatam</strong></span> <span class='ocrx_word' id='word_1_10' title='bbox 657 424 762 483; x_wconf 71' lang='lat' dir='ltr'><strong>filiarum</strong></span> <span class='ocrx_word' id='word_1_11' title='bbox 775 425 912 484; x_wconf 69' lang='lat' dir='ltr'><strong>pudicitiam</strong></span> <span class='ocrx_word' id='word_1_12' title='bbox 933 425 1021 471; x_wconf 83' lang='lat' dir='ltr'><strong>alcirca&#39;.</strong></span> <span class='ocrx_word' id='word_1_13' title='bbox 1033 448 1069 459; x_wconf 92' lang='lat'><strong>-·</strong></span> <span class='ocrx_word' id='word_1_14' title='bbox 1079 422 1139 486; x_wconf 84' lang='lat' dir='ltr'><strong>[aur-</strong></span> 
     </span>
     <span class='ocr_line' id='line_1_3' title="bbox 194 488 1141 551; baseline -0.002 -13"><span class='ocrx_word' id='word_1_15' title='bbox 194 488 296 551; x_wconf 83' lang='lat' dir='ltr'><strong>dcscere]</strong></span> <span class='ocrx_word' id='word_1_16' title='bbox 325 489 373 536; x_wconf 80' lang='lat' dir='ltr'><strong>cn.</strong></span> <span class='ocrx_word' id='word_1_17' title='bbox 385 490 434 535; x_wconf 86' lang='lat' dir='ltr'><strong>Sat.</strong></span> <span class='ocrx_word' id='word_1_18' title='bbox 454 489 476 545; x_wconf 91' lang='lat' dir='ltr'><strong>l,</strong></span> <span class='ocrx_word' id='word_1_19' title='bbox 492 490 516 543; x_wconf 88' lang='grc'><strong>4,</strong></span> <span class='ocrx_word' id='word_1_20' title='bbox 533 488 571 543; x_wconf 78' lang='lat'><strong>72.</strong></span> <span class='ocrx_word' id='word_1_21' title='bbox 595 489 620 535; x_wconf 87' lang='lat' dir='ltr'><strong>b.</strong></span> <span class='ocrx_word' id='word_1_22' title='bbox 635 490 651 535; x_wconf 88' lang='lat' dir='ltr'><strong>l.</strong></span> <span class='ocrx_word' id='word_1_23' title='bbox 667 488 843 551; x_wconf 66' lang='grc' dir='ltr'><strong>μεταφορικῶς,</strong></span> <span class='ocrx_word' id='word_1_24' title='bbox 861 489 1000 549; x_wconf 76' lang='lat' dir='ltr'><strong>‘paullatim</strong></span> <span class='ocrx_word' id='word_1_25' title='bbox 1017 490 1110 549; x_wconf 66' lang='lat' dir='ltr'><strong>negligi</strong></span> <span class='ocrx_word' id='word_1_26' title='bbox 1126 505 1141 536; x_wconf 90' lang='lat' dir='ltr'><strong>a</strong></span> 
     </span>
     <span class='ocr_line' id='line_1_4' title="bbox 194 554 1140 614; baseline -0.001 -12"><span class='ocrx_word' id='word_1_27' title='bbox 194 555 331 602; x_wconf 89' lang='lat' dir='ltr'><strong>cultioribus</strong></span> <span class='ocrx_word' id='word_1_28' title='bbox 348 554 479 610; x_wconf 80' lang='lat' dir='ltr'><strong>lectoribus,</strong></span> <span class='ocrx_word' id='word_1_29' title='bbox 494 554 561 609; x_wconf 88' lang='lat' dir='ltr'><strong>adeo,</strong></span> <span class='ocrx_word' id='word_1_30' title='bbox 581 562 607 599; x_wconf 92' lang='lat' dir='ltr'><strong>ut</strong></span> <span class='ocrx_word' id='word_1_31' title='bbox 620 555 672 612; x_wconf 75' lang='lat' dir='ltr'><strong>Jam</strong></span> <span class='ocrx_word' id='word_1_32' title='bbox 690 568 759 599; x_wconf 89' lang='lat' dir='ltr'><strong>nemo</strong></span> <span class='ocrx_word' id='word_1_33' title='bbox 777 563 799 600; x_wconf 91' lang='lat' dir='ltr'><strong>te</strong></span> <span class='ocrx_word' id='word_1_34' title='bbox 817 554 924 613; x_wconf 87' lang='lat' dir='ltr'><strong>inspiciat</strong></span> <span class='ocrx_word' id='word_1_35' title='bbox 934 563 1021 614; x_wconf 81' lang='lat' dir='ltr'><strong>praeter</strong></span> <span class='ocrx_word' id='word_1_36' title='bbox 1033 555 1140 601; x_wconf 85' lang='lat' dir='ltr'><strong>bominea</strong></span> 
     </span>
     <span class='ocr_line' id='line_1_5' title="bbox 195 616 1139 680; baseline 0 -13"><span class='ocrx_word' id='word_1_37' title='bbox 195 622 225 668; x_wconf 87' lang='lat' dir='ltr'><strong>da</strong></span> <span class='ocrx_word' id='word_1_38' title='bbox 238 622 315 679; x_wconf 80' lang='lat' dir='ltr'><strong>vulgo,</strong></span> <span class='ocrx_word' id='word_1_39' title='bbox 327 626 351 665; x_wconf 89' lang='lat' dir='ltr'><strong>et</strong></span> <span class='ocrx_word' id='word_1_40' title='bbox 361 617 386 663; x_wconf 90' lang='grc' dir='ltr'><strong>1ιί</strong></span> <span class='ocrx_word' id='word_1_41' title='bbox 396 632 491 677; x_wconf 86' lang='lat' dir='ltr'><strong>qnoque</strong></span> <span class='ocrx_word' id='word_1_42' title='bbox 501 632 593 678; x_wconf 85' lang='lat' dir='ltr'><strong>semper</strong></span> <span class='ocrx_word' id='word_1_43' title='bbox 609 618 684 665; x_wconf 84' lang='lat' dir='ltr'><strong>rarius</strong></span> <span class='ocrx_word' id='word_1_44' title='bbox 701 627 724 665; x_wconf 92' lang='lat' dir='ltr'><strong>te</strong></span> <span class='ocrx_word' id='word_1_45' title='bbox 741 619 863 665; x_wconf 82' lang='lat' dir='ltr'><strong>evolvant’</strong></span> <span class='ocrx_word' id='word_1_46' title='bbox 874 644 907 654; x_wconf 92' lang='lat'><em>—</em></span> <span class='ocrx_word' id='word_1_47' title='bbox 919 616 1139 680; x_wconf 80' lang='lat' dir='ltr'><strong>[tineos-inerter]</strong></span> 
     </span>
     <span class='ocr_line' id='line_1_6' title="bbox 194 682 1140 809; baseline -0.003 -11.952"><span class='ocrx_word' id='word_1_48' title='bbox 194 688 267 797; x_wconf 80' lang='lat'><strong>‘¹33</strong></span> <span class='ocrx_word' id='word_1_49' title='bbox 274 682 1076 809; x_wconf 49' lang='lat' dir='ltr'><strong>liniuntur{internuntiante.</strong></span> <span class='ocrx_word' id='word_1_50' title='bbox 1088 762 1140 807; x_wconf 63' lang='lat' dir='ltr'><strong>q..</strong></span> 
     </span>
     <span class='ocr_line' id='line_1_7' title="bbox 191 812 1140 874; baseline -0.001 -14"><span class='ocrx_word' id='word_1_51' title='bbox 191 815 242 874; x_wconf 75' lang='lat' dir='ltr'><strong>Jam</strong></span> <span class='ocrx_word' id='word_1_52' title='bbox 254 812 340 859; x_wconf 82' lang='lat' dir='ltr'><strong>Latino</strong></span> <span class='ocrx_word' id='word_1_53' title='bbox 350 826 457 859; x_wconf 84' lang='lat' dir='ltr'><strong>sermone</strong></span> <span class='ocrx_word' id='word_1_54' title='bbox 469 814 601 867; x_wconf 87' lang='lat' dir='ltr'><strong>utebantur,</strong></span> <span class='ocrx_word' id='word_1_55' title='bbox 611 821 661 857; x_wconf 89' lang='lat' dir='ltr'><strong>tum</strong></span> <span class='ocrx_word' id='word_1_56' title='bbox 677 813 773 859; x_wconf 88' lang='lat' dir='ltr'><strong>demum</strong></span> <span class='ocrx_word' id='word_1_57' title='bbox 783 813 958 872; x_wconf 74' lang='lat' dir='ltr'>perveniebant,</span> <span class='ocrx_word' id='word_1_58' title='bbox 968 828 1045 872; x_wconf 86' lang='lat' dir='ltr'><strong>quum</strong></span> <span class='ocrx_word' id='word_1_59' title='bbox 1057 814 1140 859; x_wconf 62' lang='lat' dir='ltr'><strong>hune</strong></span> 
     </span>
     <span class='ocr_line' id='line_1_8' title="bbox 191 876 1140 939; baseline -0.001 -15"><span class='ocrx_word' id='word_1_60' title='bbox 191 892 242 939; x_wconf 80' lang='lat' dir='ltr'><strong>Jann</strong></span> <span class='ocrx_word' id='word_1_61' title='bbox 254 878 410 924; x_wconf 84' lang='lat' dir='ltr'><strong>obsoluerant.</strong></span> <span class='ocrx_word' id='word_1_62' title='bbox 438 877 526 924; x_wconf 73' lang='lat' dir='ltr'><strong>clun.</strong></span> <span class='ocrx_word' id='word_1_63' title='bbox 538 876 631 926; x_wconf 57' lang='lat' dir='ltr'><strong>Puto.</strong></span> <span class='ocrx_word' id='word_1_64' title='bbox 653 877 858 938; x_wconf 71' lang='lat' dir='ltr'><strong>‘Fagieaultroin</strong></span> <span class='ocrx_word' id='word_1_65' title='bbox 871 877 1140 937; x_wconf 78' lang='lat' dir='ltr'><strong>Africamprorinciam,</strong></span> 
     </span>
     <span class='ocr_line' id='line_1_9' title="bbox 196 941 1139 1002; baseline 0 -13"><span class='ocrx_word' id='word_1_66' title='bbox 196 950 267 989; x_wconf 80' lang='lat' dir='ltr'><strong>novos</strong></span> <span class='ocrx_word' id='word_1_67' title='bbox 284 949 311 987; x_wconf 90' lang='lat' dir='ltr'><strong>ut</strong></span> <span class='ocrx_word' id='word_1_68' title='bbox 328 942 361 987; x_wconf 93' lang='lat' dir='ltr'><strong>ibi</strong></span> <span class='ocrx_word' id='word_1_69' title='bbox 371 950 486 989; x_wconf 81' lang='lat' dir='ltr'><strong>amatores</strong></span> <span class='ocrx_word' id='word_1_70' title='bbox 498 950 583 1002; x_wconf 83' lang='lat' dir='ltr'><strong>captes,</strong></span> <span class='ocrx_word' id='word_1_71' title='bbox 595 943 625 987; x_wconf 87' lang='lat' dir='ltr'><strong>ab</strong></span> <span class='ocrx_word' id='word_1_72' title='bbox 641 941 678 997; x_wconf 89' lang='lat' dir='ltr'><strong>iia,</strong></span> <span class='ocrx_word' id='word_1_73' title='bbox 689 956 747 1000; x_wconf 89' lang='lat' dir='ltr'><strong>quoe</strong></span> <span class='ocrx_word' id='word_1_74' title='bbox 758 942 782 988; x_wconf 92' lang='lat' dir='ltr'><strong>in</strong></span> <span class='ocrx_word' id='word_1_75' title='bbox 794 945 851 989; x_wconf 89' lang='lat' dir='ltr'><strong>urbe</strong></span> <span class='ocrx_word' id='word_1_76' title='bbox 863 956 991 1002; x_wconf 85' lang='lat' dir='ltr'><strong>repereras,</strong></span> <span class='ocrx_word' id='word_1_77' title='bbox 1003 942 1139 996; x_wconf 71' lang='lat' dir='ltr'><strong>destitutus,</strong></span> 
     </span>
     <span class='ocr_line' id='line_1_10' title="bbox 195 1005 1140 1067; baseline 0 -14"><span class='ocrx_word' id='word_1_78' title='bbox 195 1006 317 1055; x_wconf 86' lang='lat' dir='ltr'><strong>autetiam</strong></span> <span class='ocrx_word' id='word_1_79' title='bbox 328 1009 416 1054; x_wconf 83' lang='lat' dir='ltr'><strong>uinctus</strong></span> <span class='ocrx_word' id='word_1_80' title='bbox 434 1005 547 1062; x_wconf 81' lang='lat' dir='ltr'><strong>mitterit,’</strong></span> <span class='ocrx_word' id='word_1_81' title='bbox 565 1007 594 1053; x_wconf 88' lang='lat' dir='ltr'><strong>de</strong></span> <span class='ocrx_word' id='word_1_82' title='bbox 611 1006 679 1060; x_wconf 88' lang='lat' dir='ltr'><strong>libro,</strong></span> <span class='ocrx_word' id='word_1_83' title='bbox 694 1005 772 1062; x_wconf 87' lang='lat' dir='ltr'><strong>‘loris,</strong></span> <span class='ocrx_word' id='word_1_84' title='bbox 784 1007 873 1053; x_wconf 73' lang='lat' dir='ltr'><strong>utalia</strong></span> <span class='ocrx_word' id='word_1_85' title='bbox 884 1022 980 1063; x_wconf 89' lang='lat' dir='ltr'><strong>merces,</strong></span> <span class='ocrx_word' id='word_1_86' title='bbox 991 1008 1118 1067; x_wconf 73' lang='lat' dir='ltr'><strong>colligatur</strong></span> <span class='ocrx_word' id='word_1_87' title='bbox 1125 1007 1140 1059; x_wconf 73' lang='grc' dir='ltr'><strong>ι’</strong></span> 
     </span>
     <span class='ocr_line' id='line_1_11' title="bbox 195 1071 1141 1131; baseline 0.002 -14"><span class='ocrx_word' id='word_1_88' title='bbox 195 1072 225 1117; x_wconf 90' lang='lat' dir='ltr'><strong>de</strong></span> <span class='ocrx_word' id='word_1_89' title='bbox 242 1085 322 1131; x_wconf 86' lang='lat' dir='ltr'><strong>puero.</strong></span> <span class='ocrx_word' id='word_1_90' title='bbox 340 1073 347 1096; x_wconf 88' lang='lat'><em>‘</em></span> <span class='ocrx_word' id='word_1_91' title='bbox 356 1071 502 1131; x_wconf 81' lang='lat' dir='ltr'><strong>relegabere,’</strong></span> <span class='ocrx_word' id='word_1_92' title='bbox 521 1079 547 1116; x_wconf 92' lang='lat' dir='ltr'><strong>ut</strong></span> <span class='ocrx_word' id='word_1_93' title='bbox 559 1071 638 1117; x_wconf 82' lang='lat' dir='ltr'><strong>aediles</strong></span> <span class='ocrx_word' id='word_1_94' title='bbox 654 1072 773 1117; x_wconf 89' lang='lat' dir='ltr'><strong>interdum</strong></span> <span class='ocrx_word' id='word_1_95' title='bbox 790 1072 907 1117; x_wconf 86' lang='lat' dir='ltr'><strong>adulteras</strong></span> <span class='ocrx_word' id='word_1_96' title='bbox 924 1072 949 1118; x_wconf 93' lang='lat' dir='ltr'><strong>in</strong></span> <span class='ocrx_word' id='word_1_97' title='bbox 965 1071 1068 1119; x_wconf 80' lang='lat' dir='ltr'><strong>exilium</strong></span> <span class='ocrx_word' id='word_1_98' title='bbox 1084 1086 1141 1131; x_wconf 77' lang='lat' dir='ltr'><strong>age·</strong></span> 
     </span>
     <span class='ocr_line' id='line_1_12' title="bbox 195 1133 1140 1198; baseline -0.001 -15"><span class='ocrx_word' id='word_1_99' title='bbox 195 1133 440 1198; x_wconf 79' lang='lat' dir='ltr'><strong>bant-[Ilerdam]</strong></span> <span class='ocrx_word' id='word_1_100' title='bbox 471 1135 590 1196; x_wconf 80' lang='lat' dir='ltr'><strong>iliapaniee</strong></span> <span class='ocrx_word' id='word_1_101' title='bbox 618 1139 710 1193; x_wconf 85' lang='lat' dir='ltr'><strong>urbem,</strong></span> <span class='ocrx_word' id='word_1_102' title='bbox 738 1136 807 1182; x_wconf 86' lang='lat' dir='ltr'><strong>bodie</strong></span> <span class='ocrx_word' id='word_1_103' title='bbox 832 1137 929 1183; x_wconf 83' lang='lat' dir='ltr'><strong>Lerido.</strong></span> <span class='ocrx_word' id='word_1_104' title='bbox 961 1137 1029 1182; x_wconf 75' lang='lat' dir='ltr'><strong>‘Aut</strong></span> <span class='ocrx_word' id='word_1_105' title='bbox 1057 1138 1140 1183; x_wconf 74' lang='lat' dir='ltr'><strong>Roma</strong></span> 
     </span>
     <span class='ocr_line' id='line_1_13' title="bbox 195 1200 1140 1289; baseline -0.001 -41"><span class='ocrx_word' id='word_1_106' title='bbox 195 1201 312 1248; x_wconf 88' lang='lat' dir='ltr'><strong>oblivione</strong></span> <span class='ocrx_word' id='word_1_107' title='bbox 328 1201 441 1257; x_wconf 72' lang='lat' dir='ltr'><strong>obruerit,</strong></span> <span class='ocrx_word' id='word_1_108' title='bbox 453 1209 501 1256; x_wconf 90' lang='lat' dir='ltr'><strong>aut,</strong></span> <span class='ocrx_word' id='word_1_109' title='bbox 513 1208 539 1245; x_wconf 93' lang='lat' dir='ltr'><strong>ut</strong></span> <span class='ocrx_word' id='word_1_110' title='bbox 550 1200 594 1246; x_wconf 88' lang='lat' dir='ltr'><strong>iit&#39;</strong></span> <span class='ocrx_word' id='word_1_111' title='bbox 587 1214 612 1245; x_wconf 90' lang='grc' dir='ltr'><strong>ιιι</strong></span> <span class='ocrx_word' id='word_1_112' title='bbox 625 1200 690 1247; x_wconf 87' lang='lat' dir='ltr'><strong>libris</strong></span> <span class='ocrx_word' id='word_1_113' title='bbox 707 1201 810 1247; x_wconf 76' lang='lat' dir='ltr'><strong>Roma</strong></span> <span class='ocrx_word' id='word_1_114' title='bbox 799 1215 850 1261; x_wconf 83' lang='lat' dir='ltr'><strong>Jam</strong></span> <span class='ocrx_word' id='word_1_115' title='bbox 866 1200 985 1289; x_wconf 79' lang='lat' dir='ltr'><strong>neglectis,</strong></span> <span class='ocrx_word' id='word_1_116' title='bbox 996 1216 1011 1247; x_wconf 87' lang='lat' dir='ltr'><strong>a</strong></span> <span class='ocrx_word' id='word_1_117' title='bbox 1020 1201 1140 1262; x_wconf 83' lang='lat' dir='ltr'><strong>provinci-</strong></span> 
     </span>
     <span class='ocr_line' id='line_1_14' title="bbox 194 1264 703 1325; baseline -0.002 -13"><span class='ocrx_word' id='word_1_118' title='bbox 194 1266 270 1313; x_wconf 82' lang='lat' dir='ltr'><strong>alibus</strong></span> <span class='ocrx_word' id='word_1_119' title='bbox 281 1266 416 1313; x_wconf 85' lang='lat' dir='ltr'><strong>subrusticls</strong></span> <span class='ocrx_word' id='word_1_120' title='bbox 427 1264 594 1325; x_wconf 74' lang='lat' dir='ltr'><strong>aliquantisper</strong></span> <span class='ocrx_word' id='word_1_121' title='bbox 604 1264 703 1323; x_wconf 73' lang='lat' dir='ltr'><strong>legerit.¹</strong></span> 
     </span>
     <span class='ocr_line' id='line_1_15' title="bbox 230 1326 1141 1392; baseline -0.001 -14"><span class='ocrx_word' id='word_1_122' title='bbox 230 1330 332 1378; x_wconf 76' lang='lat'><strong>14-18.</strong></span> <span class='ocrx_word' id='word_1_123' title='bbox 351 1326 470 1392; x_wconf 83' lang='lat' dir='ltr'><strong>[Ridebit]</strong></span> <span class='ocrx_word' id='word_1_124' title='bbox 495 1330 577 1389; x_wconf 88' lang='lat' dir='ltr'><strong>‘&#39;l&#39;unc</strong></span> <span class='ocrx_word' id='word_1_125' title='bbox 593 1330 696 1388; x_wconf 78' lang='lat' dir='ltr'><strong>maligne</strong></span> <span class='ocrx_word' id='word_1_126' title='bbox 713 1329 802 1386; x_wconf 83' lang='lat' dir='ltr'>ridebo,</span> <span class='ocrx_word' id='word_1_127' title='bbox 818 1338 941 1390; x_wconf 86' lang='lat' dir='ltr'><strong>propterea</strong></span> <span class='ocrx_word' id='word_1_128' title='bbox 959 1330 1023 1389; x_wconf 87' lang='lat' dir='ltr'><strong>quod</strong></span> <span class='ocrx_word' id='word_1_129' title='bbox 1043 1330 1141 1377; x_wconf 82' lang='lat' dir='ltr'><strong>monitio</strong></span> 
     </span>
     <span class='ocr_line' id='line_1_16' title="bbox 196 1362 1141 1455; baseline 0.001 -15"><span class='ocrx_word' id='word_1_130' title='bbox 196 1394 255 1443; x_wconf 82' lang='lat' dir='ltr'><strong>meis</strong></span> <span class='ocrx_word' id='word_1_131' title='bbox 265 1409 311 1440; x_wconf 89' lang='lat' dir='ltr'><strong>non</strong></span> <span class='ocrx_word' id='word_1_132' title='bbox 323 1394 577 1455; x_wconf 80' lang='lat' dir='ltr'><strong>obtemperaveria&#39;-</strong></span> <span class='ocrx_word' id='word_1_133' title='bbox 589 1390 729 1455; x_wconf 71' lang='lat' dir='ltr'><strong>[protrusit]</strong></span> <span class='ocrx_word' id='word_1_134' title='bbox 747 1362 889 1455; x_wconf 86' lang='lat' dir='ltr'><strong>Exemplum</strong></span> <span class='ocrx_word' id='word_1_135' title='bbox 906 1394 1006 1454; x_wconf 89' lang='lat' dir='ltr'><strong>petitum</strong></span> <span class='ocrx_word' id='word_1_136' title='bbox 1018 1408 1048 1441; x_wconf 85' lang='lat' dir='ltr'><strong>ea</strong></span> <span class='ocrx_word' id='word_1_137' title='bbox 1058 1395 1141 1455; x_wconf 76' lang='lat' dir='ltr'><strong>aliqua</strong></span> 
     </span>
     <span class='ocr_line' id='line_1_17' title="bbox 195 1456 1141 1522; baseline 0.003 -17"><span class='ocrx_word' id='word_1_138' title='bbox 195 1459 282 1506; x_wconf 74' lang='lat' dir='ltr'><strong>sabelli</strong></span> <span class='ocrx_word' id='word_1_139' title='bbox 293 1460 390 1520; x_wconf 80' lang='lat' dir='ltr'><strong>AEaopii</strong></span> <span class='ocrx_word' id='word_1_140' title='bbox 406 1460 442 1506; x_wconf 84' lang='lat' dir='ltr'><strong>vel</strong></span> <span class='ocrx_word' id='word_1_141' title='bbox 459 1459 506 1505; x_wconf 77' lang='lat' dir='ltr'><strong>alit</strong></span> <span class='ocrx_word' id='word_1_142' title='bbox 523 1459 698 1505; x_wconf 65' lang='lat' dir='ltr'><strong>narratiuncula</strong></span> <span class='ocrx_word' id='word_1_143' title='bbox 714 1459 871 1518; x_wconf 75' lang='lat' dir='ltr'><strong>populari-</strong></span> <span class='ocrx_word' id='word_1_144' title='bbox 884 1457 948 1522; x_wconf 88' lang='lat' dir='ltr'><strong>[Hoc</strong></span> <span class='ocrx_word' id='word_1_145' title='bbox 963 1456 1065 1521; x_wconf 73' lang='lat' dir='ltr'><strong>quoqu]</strong></span> <span class='ocrx_word' id='word_1_146' title='bbox 1083 1461 1141 1508; x_wconf 80' lang='lat' dir='ltr'><strong>Siue</strong></span> 
     </span>
     <span class='ocr_line' id='line_1_18' title="bbox 197 1523 1141 1583; baseline -0.001 -13"><span class='ocrx_word' id='word_1_147' title='bbox 197 1524 315 1583; x_wconf 76' lang='lat' dir='ltr'><strong>imagine:</strong></span> <span class='ocrx_word' id='word_1_148' title='bbox 343 1526 409 1571; x_wconf 85' lang='lat' dir='ltr'><strong>‘Hoc</strong></span> <span class='ocrx_word' id='word_1_149' title='bbox 430 1538 523 1583; x_wconf 87' lang='lat' dir='ltr'><strong>quoque</strong></span> <span class='ocrx_word' id='word_1_150' title='bbox 544 1524 633 1569; x_wconf 86' lang='lat' dir='ltr'><strong>malum</strong></span> <span class='ocrx_word' id='word_1_151' title='bbox 652 1523 695 1569; x_wconf 89' lang='lat' dir='ltr'><strong>tibi</strong></span> <span class='ocrx_word' id='word_1_152' title='bbox 715 1524 843 1583; x_wconf 89' lang='lat' dir='ltr'><strong>impendet,</strong></span> <span class='ocrx_word' id='word_1_153' title='bbox 863 1533 890 1569; x_wconf 93' lang='lat' dir='ltr'><strong>ut</strong></span> <span class='ocrx_word' id='word_1_154' title='bbox 911 1525 941 1571; x_wconf 92' lang='lat' dir='ltr'><strong>ad</strong></span> <span class='ocrx_word' id='word_1_155' title='bbox 961 1533 1095 1571; x_wconf 76' lang='lat' dir='ltr'><strong>extremum</strong></span> <span class='ocrx_word' id='word_1_156' title='bbox 1114 1525 1141 1569; x_wconf 85' lang='lat' dir='ltr'><strong>ia</strong></span> 
     </span>
     <span class='ocr_line' id='line_1_19' title="bbox 196 1588 1141 1649; baseline 0.001 -15"><span class='ocrx_word' id='word_1_157' title='bbox 196 1588 288 1635; x_wconf 87' lang='lat' dir='ltr'><strong>miseris</strong></span> <span class='ocrx_word' id='word_1_158' title='bbox 305 1589 367 1635; x_wconf 88' lang='lat' dir='ltr'><strong>ludia</strong></span> <span class='ocrx_word' id='word_1_159' title='bbox 383 1589 502 1635; x_wconf 75' lang='lat' dir='ltr'><strong>litterariis</strong></span> <span class='ocrx_word' id='word_1_160' title='bbox 518 1603 548 1635; x_wconf 82' lang='lat' dir='ltr'><strong>ex</strong></span> <span class='ocrx_word' id='word_1_161' title='bbox 566 1596 597 1644; x_wconf 91' lang='lat' dir='ltr'><strong>te,</strong></span> <span class='ocrx_word' id='word_1_162' title='bbox 615 1590 644 1634; x_wconf 92' lang='lat' dir='ltr'><strong>ab</strong></span> <span class='ocrx_word' id='word_1_163' title='bbox 659 1588 795 1635; x_wconf 83' lang='lat' dir='ltr'><strong>hominibus</strong></span> <span class='ocrx_word' id='word_1_164' title='bbox 809 1588 991 1647; x_wconf 71' lang='lat' dir='ltr'><strong>elegantioribus</strong></span> <span class='ocrx_word' id='word_1_165' title='bbox 996 1589 1141 1649; x_wconf 71' lang='lat' dir='ltr'><strong>iamdudum</strong></span> 
     </span>
     <span class='ocr_line' id='line_1_20' title="bbox 197 1652 1139 1714; baseline 0 -15"><span class='ocrx_word' id='word_1_166' title='bbox 197 1652 305 1712; x_wconf 75' lang='lat' dir='ltr'><strong>seposito,</strong></span> <span class='ocrx_word' id='word_1_167' title='bbox 326 1653 394 1713; x_wconf 89' lang='lat' dir='ltr'><strong>pueri</strong></span> <span class='ocrx_word' id='word_1_168' title='bbox 412 1655 527 1699; x_wconf 88' lang='lat' dir='ltr'><strong>elementa</strong></span> <span class='ocrx_word' id='word_1_169' title='bbox 547 1652 657 1699; x_wconf 66' lang='lat' dir='ltr'><strong>diruant!</strong></span> <span class='ocrx_word' id='word_1_170' title='bbox 692 1653 743 1699; x_wconf 83' lang='lat' dir='ltr'><strong>Huc</strong></span> <span class='ocrx_word' id='word_1_171' title='bbox 765 1667 807 1713; x_wconf 90' lang='lat' dir='ltr'><strong>per</strong></span> <span class='ocrx_word' id='word_1_172' title='bbox 826 1653 935 1712; x_wconf 78' lang='lat' dir='ltr'><strong>dilogiam</strong></span> <span class='ocrx_word' id='word_1_173' title='bbox 957 1653 992 1699; x_wconf 91' lang='lat' dir='ltr'><strong>ita</strong></span> <span class='ocrx_word' id='word_1_174' title='bbox 1012 1654 1139 1714; x_wconf 74' lang='lat' dir='ltr'><strong>proponite</strong></span> 
     </span>
    </p>
   </div>
   <div class='ocr_carea' id='block_1_3' title="bbox 93 1716 1141 1778">
    <p class='ocr_par' dir='ltr' id='par_1_3' title="bbox 93 1716 1141 1778">
     <span class='ocr_line' id='line_1_21' title="bbox 93 1716 1141 1778; baseline 0.004 -17"><span class='ocrx_word' id='word_1_175' title='bbox 93 1749 99 1761; x_wconf 92' lang='lat'><strong>.</strong></span> <span class='ocrx_word' id='word_1_176' title='bbox 196 1718 204 1743; x_wconf 87' lang='lat'><em>‘</em></span> <span class='ocrx_word' id='word_1_177' title='bbox 213 1718 249 1763; x_wconf 85' lang='grc' dir='ltr'><strong>Τιι</strong></span> <span class='ocrx_word' id='word_1_178' title='bbox 266 1717 324 1776; x_wconf 82' lang='lat' dir='ltr'><strong>ipae,</strong></span> <span class='ocrx_word' id='word_1_179' title='bbox 336 1719 433 1778; x_wconf 81' lang='lat' dir='ltr'><strong>puerulo</strong></span> <span class='ocrx_word' id='word_1_180' title='bbox 448 1718 556 1776; x_wconf 83' lang='lat' dir='ltr'><strong>delicate,</strong></span> <span class='ocrx_word' id='word_1_181' title='bbox 573 1720 700 1778; x_wconf 83' lang='lat' dir='ltr'><strong>obrepente</strong></span> <span class='ocrx_word' id='word_1_182' title='bbox 718 1717 760 1763; x_wconf 91' lang='lat' dir='ltr'><strong>tibi</strong></span> <span class='ocrx_word' id='word_1_183' title='bbox 776 1716 863 1764; x_wconf 78' lang='lat' dir='ltr'><strong>aenaim</strong></span> <span class='ocrx_word' id='word_1_184' title='bbox 878 1726 998 1765; x_wconf 70' lang='lat' dir='ltr'><strong>senectute</strong></span> <span class='ocrx_word' id='word_1_185' title='bbox 1015 1732 1097 1765; x_wconf 82' lang='lat' dir='ltr'><strong>narsus</strong></span> <span class='ocrx_word' id='word_1_186' title='bbox 1114 1727 1141 1765; x_wconf 88' lang='lat' dir='ltr'><strong>ut</strong></span> 
     </span>
    </p>
   </div>
   <div class='ocr_carea' id='block_1_4' title="bbox 130 1780 1203 3654">
    <p class='ocr_par' dir='ltr' id='par_1_4' title="bbox 196 1780 1140 2101">
     <span class='ocr_line' id='line_1_22' title="bbox 196 1780 1140 1842; baseline 0.002 -15"><span class='ocrx_word' id='word_1_187' title='bbox 196 1780 297 1827; x_wconf 74' lang='lat' dir='ltr'><strong>iniantii</strong></span> <span class='ocrx_word' id='word_1_188' title='bbox 307 1783 458 1838; x_wconf 84' lang='lat' dir='ltr'><strong>balbutiente,</strong></span> <span class='ocrx_word' id='word_1_189' title='bbox 470 1782 511 1828; x_wconf 84' lang='lat' dir='ltr'><strong>ileo</strong></span> <span class='ocrx_word' id='word_1_190' title='bbox 522 1782 625 1841; x_wconf 87' lang='lat' dir='ltr'><strong>denique</strong></span> <span class='ocrx_word' id='word_1_191' title='bbox 642 1783 797 1842; x_wconf 84' lang='lat' dir='ltr'><strong>pauperculus</strong></span> <span class='ocrx_word' id='word_1_192' title='bbox 814 1783 863 1828; x_wconf 89' lang='lat' dir='ltr'><strong>ludi</strong></span> <span class='ocrx_word' id='word_1_193' title='bbox 881 1783 999 1841; x_wconf 73' lang='lat' dir='ltr'><strong>magister,</strong></span> <span class='ocrx_word' id='word_1_194' title='bbox 1015 1784 1100 1841; x_wconf 80' lang='lat' dir='ltr'><strong>quales</strong></span> <span class='ocrx_word' id='word_1_195' title='bbox 1114 1784 1140 1829; x_wconf 84' lang='lat' dir='ltr'><strong>ia</strong></span> 
     </span>
     <span class='ocr_line' id='line_1_23' title="bbox 197 1846 1140 1906; baseline 0.001 -14"><span class='ocrx_word' id='word_1_196' title='bbox 197 1846 309 1893; x_wconf 84' lang='lat' dir='ltr'><strong>extremis</strong></span> <span class='ocrx_word' id='word_1_197' title='bbox 320 1848 384 1893; x_wconf 90' lang='lat' dir='ltr'><strong>urbis</strong></span> <span class='ocrx_word' id='word_1_198' title='bbox 395 1847 459 1901; x_wconf 86' lang='lat' dir='ltr'><strong>vicis,</strong></span> <span class='ocrx_word' id='word_1_199' title='bbox 472 1846 550 1893; x_wconf 87' lang='lat' dir='ltr'><strong>minua</strong></span> <span class='ocrx_word' id='word_1_200' title='bbox 561 1846 714 1906; x_wconf 78' lang='lat' dir='ltr'><strong>frequentatis</strong></span> <span class='ocrx_word' id='word_1_201' title='bbox 725 1855 748 1893; x_wconf 87' lang='lat' dir='ltr'><strong>et</strong></span> <span class='ocrx_word' id='word_1_202' title='bbox 759 1847 799 1893; x_wconf 91' lang='lat' dir='ltr'><strong>ubi</strong></span> <span class='ocrx_word' id='word_1_203' title='bbox 810 1847 879 1905; x_wconf 77' lang='lat' dir='ltr'><strong>egetd</strong></span> <span class='ocrx_word' id='word_1_204' title='bbox 890 1848 1013 1893; x_wconf 77' lang='lat' dir='ltr'><strong>dumtaxat</strong></span> <span class='ocrx_word' id='word_1_205' title='bbox 1023 1847 1140 1901; x_wconf 75' lang='lat' dir='ltr'><strong>habitant,</strong></span> 
     </span>
     <span class='ocr_line' id='line_1_24' title="bbox 196 1911 1139 1971; baseline 0.003 -15"><span class='ocrx_word' id='word_1_206' title='bbox 196 1924 281 1970; x_wconf 87' lang='lat' dir='ltr'><strong>pueros</strong></span> <span class='ocrx_word' id='word_1_207' title='bbox 298 1911 414 1957; x_wconf 84' lang='lat' dir='ltr'><strong>elementa</strong></span> <span class='ocrx_word' id='word_1_208' title='bbox 429 1912 520 1968; x_wconf 88' lang='lat' dir='ltr'><strong>ducent,</strong></span> <span class='ocrx_word' id='word_1_209' title='bbox 532 1919 558 1957; x_wconf 90' lang='lat' dir='ltr'><strong>ut</strong></span> <span class='ocrx_word' id='word_1_210' title='bbox 568 1911 625 1957; x_wconf 88' lang='lat' dir='ltr'><strong>olim</strong></span> <span class='ocrx_word' id='word_1_211' title='bbox 636 1911 704 1967; x_wconf 85' lang='lat' dir='ltr'><strong>mihi,</strong></span> <span class='ocrx_word' id='word_1_212' title='bbox 718 1911 778 1958; x_wconf 83' lang='lat' dir='ltr'><strong>Livii</strong></span> <span class='ocrx_word' id='word_1_213' title='bbox 792 1911 920 1959; x_wconf 70' lang='lat' dir='ltr'><strong>Andronici</strong></span> <span class='ocrx_word' id='word_1_214' title='bbox 931 1912 1023 1971; x_wconf 89' lang='lat' dir='ltr'><strong>scriptia</strong></span> <span class='ocrx_word' id='word_1_215' title='bbox 1035 1926 1100 1968; x_wconf 86' lang='lat' dir='ltr'><strong>uena,</strong></span> <span class='ocrx_word' id='word_1_216' title='bbox 1111 1926 1139 1959; x_wconf 86' lang='lat' dir='ltr'><strong>ea</strong></span> 
     </span>
     <span class='ocr_line' id='line_1_25' title="bbox 196 1972 1140 2039; baseline 0.002 -18"><span class='ocrx_word' id='word_1_217' title='bbox 196 1975 293 2021; x_wconf 79' lang='lat' dir='ltr'><strong>tradidit</strong></span> <span class='ocrx_word' id='word_1_218' title='bbox 309 1972 428 2021; x_wconf 83' lang='lat' dir='ltr'><strong>Orbiliua.’</strong></span> <span class='ocrx_word' id='word_1_219' title='bbox 439 1999 472 2009; x_wconf 90' lang='lat'><em>-</em></span> <span class='ocrx_word' id='word_1_220' title='bbox 483 1972 608 2037; x_wconf 83' lang='lat' dir='ltr'><strong>[Occupet]</strong></span> <span class='ocrx_word' id='word_1_221' title='bbox 631 1975 758 2037; x_wconf 63' lang='lat' dir='ltr'><strong>‘obrepat&#39;</strong></span> <span class='ocrx_word' id='word_1_222' title='bbox 776 1984 803 2023; x_wconf 91' lang='lat' dir='ltr'><strong>ut</strong></span> <span class='ocrx_word' id='word_1_223' title='bbox 818 1977 904 2023; x_wconf 83' lang='lat' dir='ltr'><strong>Tibull.</strong></span> <span class='ocrx_word' id='word_1_224' title='bbox 924 1976 945 2031; x_wconf 93' lang='lat' dir='ltr'><strong>l,</strong></span> <span class='ocrx_word' id='word_1_225' title='bbox 963 1975 1001 2034; x_wconf 86' lang='lat' dir='ltr'><strong>lo,</strong></span> <span class='ocrx_word' id='word_1_226' title='bbox 1017 1976 1059 2034; x_wconf 90' lang='grc'><strong>40,</strong></span> <span class='ocrx_word' id='word_1_227' title='bbox 1075 1993 1140 2039; x_wconf 81' lang='lat' dir='ltr'><strong>queas</strong></span> 
     </span>
     <span class='ocr_line' id='line_1_26' title="bbox 198 2040 664 2101; baseline 0 -14"><span class='ocrx_word' id='word_1_228' title='bbox 198 2040 300 2100; x_wconf 81' lang='lat' dir='ltr'><strong>Occupat</strong></span> <span class='ocrx_word' id='word_1_229' title='bbox 310 2043 334 2085; x_wconf 86' lang='lat' dir='ltr'><strong>iu</strong></span> <span class='ocrx_word' id='word_1_230' title='bbox 341 2043 416 2100; x_wconf 80' lang='lat' dir='ltr'><strong>parad</strong></span> <span class='ocrx_word' id='word_1_231' title='bbox 424 2042 493 2101; x_wconf 82' lang='lat' dir='ltr'><strong>pigra</strong></span> <span class='ocrx_word' id='word_1_232' title='bbox 503 2047 593 2087; x_wconf 83' lang='lat' dir='ltr'><strong>reuecta</strong></span> <span class='ocrx_word' id='word_1_233' title='bbox 603 2044 664 2087; x_wconf 79' lang='lat' dir='ltr'><strong>cuod.</strong></span> 
     </span>
    </p>

    <p class='ocr_par' dir='ltr' id='par_1_5' title="bbox 130 2101 1203 2942">
     <span class='ocr_line' id='line_1_27' title="bbox 232 2101 1140 2167; baseline 0 -15"><span class='ocrx_word' id='word_1_234' title='bbox 232 2104 269 2154; x_wconf 83' lang='lat'><strong>19.</strong></span> <span class='ocrx_word' id='word_1_235' title='bbox 288 2102 377 2166; x_wconf 81' lang='lat' dir='ltr'><strong>[Quum</strong></span> <span class='ocrx_word' id='word_1_236' title='bbox 393 2106 436 2151; x_wconf 80' lang='lat' dir='ltr'><strong>tibi</strong></span> <span class='ocrx_word' id='word_1_237' title='bbox 451 2101 497 2165; x_wconf 86' lang='lat' dir='ltr'><strong>sot]</strong></span> <span class='ocrx_word' id='word_1_238' title='bbox 517 2105 562 2151; x_wconf 86' lang='lat' dir='ltr'><strong>liic</strong></span> <span class='ocrx_word' id='word_1_239' title='bbox 574 2120 621 2150; x_wconf 91' lang='lat' dir='ltr'><strong>non</strong></span> <span class='ocrx_word' id='word_1_240' title='bbox 635 2107 694 2166; x_wconf 87' lang='lat' dir='ltr'><strong>jam,</strong></span> <span class='ocrx_word' id='word_1_241' title='bbox 705 2112 732 2151; x_wconf 90' lang='lat' dir='ltr'><strong>ut</strong></span> <span class='ocrx_word' id='word_1_242' title='bbox 745 2105 851 2167; x_wconf 81' lang='lat' dir='ltr'><strong>plerique</strong></span> <span class='ocrx_word' id='word_1_243' title='bbox 866 2113 958 2165; x_wconf 82' lang='lat' dir='ltr'><strong>putant,</strong></span> <span class='ocrx_word' id='word_1_244' title='bbox 973 2107 1003 2152; x_wconf 90' lang='lat' dir='ltr'><strong>de</strong></span> <span class='ocrx_word' id='word_1_245' title='bbox 1021 2106 1111 2165; x_wconf 80' lang='lat' dir='ltr'><strong>ecboli,</strong></span> <span class='ocrx_word' id='word_1_246' title='bbox 1124 2122 1140 2153; x_wconf 91' lang='lat' dir='ltr'><strong>a</strong></span> 
     </span>
     <span class='ocr_line' id='line_1_28' title="bbox 197 2169 1139 2230; baseline 0.002 -15"><span class='ocrx_word' id='word_1_247' title='bbox 197 2170 245 2229; x_wconf 76' lang='lat' dir='ltr'><strong>qui</strong></span> <span class='ocrx_word' id='word_1_248' title='bbox 255 2170 395 2229; x_wconf 84' lang='lat' dir='ltr'><strong>cogitatione</strong></span> <span class='ocrx_word' id='word_1_249' title='bbox 412 2171 463 2229; x_wconf 85' lang='lat' dir='ltr'><strong>ejus</strong></span> <span class='ocrx_word' id='word_1_250' title='bbox 479 2169 572 2215; x_wconf 89' lang='lat' dir='ltr'><strong>animus</strong></span> <span class='ocrx_word' id='word_1_251' title='bbox 588 2171 736 2226; x_wconf 84' lang='lat' dir='ltr'><strong>abhorrebat,</strong></span> <span class='ocrx_word' id='word_1_252' title='bbox 753 2172 853 2217; x_wconf 83' lang='lat' dir='ltr'><strong>scribere</strong></span> <span class='ocrx_word' id='word_1_253' title='bbox 870 2171 956 2230; x_wconf 79' lang='lat' dir='ltr'><strong>pergit,</strong></span> <span class='ocrx_word' id='word_1_254' title='bbox 965 2171 1008 2217; x_wconf 88' lang='lat' dir='ltr'><strong>sed</strong></span> <span class='ocrx_word' id='word_1_255' title='bbox 1022 2171 1053 2217; x_wconf 92' lang='lat' dir='ltr'><strong>de</strong></span> <span class='ocrx_word' id='word_1_256' title='bbox 1070 2172 1139 2229; x_wconf 72' lang='lat' dir='ltr'><strong>longe</strong></span> 
     </span>
     <span class='ocr_line' id='line_1_29' title="bbox 196 2234 1138 2295; baseline 0.001 -15"><span class='ocrx_word' id='word_1_257' title='bbox 196 2235 268 2281; x_wconf 89' lang='lat' dir='ltr'><strong>etiam</strong></span> <span class='ocrx_word' id='word_1_258' title='bbox 280 2236 367 2294; x_wconf 85' lang='lat' dir='ltr'><strong>majore</strong></span> <span class='ocrx_word' id='word_1_259' title='bbox 378 2236 498 2291; x_wconf 89' lang='lat' dir='ltr'><strong>lectorum,</strong></span> <span class='ocrx_word' id='word_1_260' title='bbox 510 2249 568 2294; x_wconf 86' lang='lat' dir='ltr'><strong>quos</strong></span> <span class='ocrx_word' id='word_1_261' title='bbox 578 2248 604 2280; x_wconf 88' lang='lat' dir='ltr'><strong>ae</strong></span> <span class='ocrx_word' id='word_1_262' title='bbox 614 2234 766 2281; x_wconf 82' lang='lat' dir='ltr'><strong>inuenturum</strong></span> <span class='ocrx_word' id='word_1_263' title='bbox 777 2250 828 2281; x_wconf 90' lang='lat' dir='ltr'><strong>ease</strong></span> <span class='ocrx_word' id='word_1_264' title='bbox 838 2236 954 2295; x_wconf 84' lang='lat' dir='ltr'><strong>sperabat,</strong></span> <span class='ocrx_word' id='word_1_265' title='bbox 964 2249 1072 2282; x_wconf 86' lang='lat' dir='ltr'><strong>numero.</strong></span> <span class='ocrx_word' id='word_1_266' title='bbox 1106 2236 1138 2281; x_wconf 79' lang='lat' dir='ltr'><strong>tlt</strong></span> 
     </span>
     <span class='ocr_line' id='line_1_30' title="bbox 130 2298 1139 2361; baseline 0.001 -16"><span class='ocrx_word' id='word_1_267' title='bbox 130 2330 133 2338; x_wconf 84' lang='lat'>·</span> <span class='ocrx_word' id='word_1_268' title='bbox 197 2314 271 2361; x_wconf 89' lang='lat' dir='ltr'><strong>quum</strong></span> <span class='ocrx_word' id='word_1_269' title='bbox 286 2298 371 2360; x_wconf 87' lang='lat' dir='ltr'><strong>partim</strong></span> <span class='ocrx_word' id='word_1_270' title='bbox 386 2315 401 2346; x_wconf 92' lang='lat' dir='ltr'><strong>a</strong></span> <span class='ocrx_word' id='word_1_271' title='bbox 416 2299 492 2359; x_wconf 88' lang='lat' dir='ltr'><strong>primo</strong></span> <span class='ocrx_word' id='word_1_272' title='bbox 506 2299 555 2345; x_wconf 88' lang='lat' dir='ltr'><strong>iere</strong></span> <span class='ocrx_word' id='word_1_273' title='bbox 572 2313 641 2345; x_wconf 88' lang='lat' dir='ltr'><strong>mane</strong></span> <span class='ocrx_word' id='word_1_274' title='bbox 658 2299 791 2346; x_wconf 87' lang='lat' dir='ltr'><strong>salutationi</strong></span> <span class='ocrx_word' id='word_1_275' title='bbox 809 2301 943 2356; x_wconf 87' lang='lat' dir='ltr'><strong>amicorum,</strong></span> <span class='ocrx_word' id='word_1_276' title='bbox 964 2300 1022 2355; x_wconf 84' lang='lat' dir='ltr'><strong>loro,</strong></span> <span class='ocrx_word' id='word_1_277' title='bbox 1035 2300 1139 2359; x_wconf 85' lang='lat' dir='ltr'><strong>judiciis,</strong></span> 
     </span>
     <span class='ocr_line' id='line_1_31' title="bbox 197 2362 1139 2425; baseline 0.001 -15"><span class='ocrx_word' id='word_1_278' title='bbox 197 2364 273 2410; x_wconf 85' lang='lat' dir='ltr'><strong>omnis</strong></span> <span class='ocrx_word' id='word_1_279' title='bbox 290 2364 384 2424; x_wconf 81' lang='lat' dir='ltr'><strong>generis</strong></span> <span class='ocrx_word' id='word_1_280' title='bbox 401 2364 501 2423; x_wconf 80' lang='lat' dir='ltr'><strong>negotiis</strong></span> <span class='ocrx_word' id='word_1_281' title='bbox 512 2366 555 2417; x_wconf 84' lang='lat' dir='ltr'><strong>rel,</strong></span> <span class='ocrx_word' id='word_1_282' title='bbox 566 2364 585 2409; x_wconf 85' lang='lat' dir='ltr'><strong>sl</strong></span> <span class='ocrx_word' id='word_1_283' title='bbox 597 2366 692 2411; x_wconf 78' lang='lat' dir='ltr'><strong>studiosi</strong></span> <span class='ocrx_word' id='word_1_284' title='bbox 703 2362 854 2424; x_wconf 85' lang='lat' dir='ltr'><strong>erant(1’lin.</strong></span> <span class='ocrx_word' id='word_1_285' title='bbox 866 2364 927 2424; x_wconf 84' lang='lat' dir='ltr'><strong>Epp.</strong></span> <span class='ocrx_word' id='word_1_286' title='bbox 938 2364 961 2419; x_wconf 88' lang='grc'><strong>4,</strong></span> <span class='ocrx_word' id='word_1_287' title='bbox 974 2364 1014 2416; x_wconf 70' lang='lat' dir='ltr'><strong>la</strong></span> <span class='ocrx_word' id='word_1_288' title='bbox 1028 2364 1079 2425; x_wconf 87' lang='lat' dir='ltr'><strong>ll),</strong></span> <span class='ocrx_word' id='word_1_289' title='bbox 1090 2366 1139 2411; x_wconf 88' lang='lat' dir='ltr'><strong>dia·</strong></span> 
     </span>
     <span class='ocr_line' id='line_1_32' title="bbox 196 2428 1139 2489; baseline 0 -14"><span class='ocrx_word' id='word_1_290' title='bbox 196 2428 289 2489; x_wconf 88' lang='lat' dir='ltr'><strong>ciplinia</strong></span> <span class='ocrx_word' id='word_1_291' title='bbox 311 2429 464 2475; x_wconf 75' lang='lat' dir='ltr'><strong>severioribus</strong></span> <span class='ocrx_word' id='word_1_292' title='bbox 485 2443 512 2475; x_wconf 88' lang='lat' dir='ltr'><strong>ac</strong></span> <span class='ocrx_word' id='word_1_293' title='bbox 533 2428 687 2489; x_wconf 76' lang='lat' dir='ltr'><strong>philosophia</strong></span> <span class='ocrx_word' id='word_1_294' title='bbox 708 2438 829 2476; x_wconf 75' lang='lat' dir='ltr'><strong>vamoseut</strong></span> <span class='ocrx_word' id='word_1_295' title='bbox 849 2443 923 2488; x_wconf 85' lang='lat' dir='ltr'><strong>usque</strong></span> <span class='ocrx_word' id='word_1_296' title='bbox 942 2429 974 2474; x_wconf 91' lang='lat' dir='ltr'><strong>ad</strong></span> <span class='ocrx_word' id='word_1_297' title='bbox 995 2429 1044 2475; x_wconf 91' lang='lat' dir='ltr'><strong>diei</strong></span> <span class='ocrx_word' id='word_1_298' title='bbox 1066 2430 1139 2475; x_wconf 76' lang='lat' dir='ltr'><strong>ciuilis</strong></span> 
     </span>
     <span class='ocr_line' id='line_1_33' title="bbox 197 2492 1140 2554; baseline 0.001 -15"><span class='ocrx_word' id='word_1_299' title='bbox 197 2492 279 2539; x_wconf 85' lang='lat' dir='ltr'><strong>horam</strong></span> <span class='ocrx_word' id='word_1_300' title='bbox 296 2492 344 2539; x_wconf 84' lang='lat' dir='ltr'><strong>sere</strong></span> <span class='ocrx_word' id='word_1_301' title='bbox 363 2494 494 2553; x_wconf 85' lang='lat' dir='ltr'><strong>septimam,</strong></span> <span class='ocrx_word' id='word_1_302' title='bbox 512 2492 683 2549; x_wconf 89' lang='lat' dir='ltr'><strong>meridiatione,</strong></span> <span class='ocrx_word' id='word_1_303' title='bbox 701 2494 795 2553; x_wconf 86' lang='lat' dir='ltr'><strong>balneo,</strong></span> <span class='ocrx_word' id='word_1_304' title='bbox 811 2494 913 2554; x_wconf 86' lang='lat' dir='ltr'><strong>corporis</strong></span> <span class='ocrx_word' id='word_1_305' title='bbox 933 2492 1140 2541; x_wconf 70' lang='lat' dir='ltr'><strong>exercitationibus</strong></span> 
     </span>
     <span class='ocr_line' id='line_1_34' title="bbox 196 2556 1140 2619; baseline 0.003 -16"><span class='ocrx_word' id='word_1_306' title='bbox 196 2570 247 2603; x_wconf 86' lang='lat' dir='ltr'><strong>sesa</strong></span> <span class='ocrx_word' id='word_1_307' title='bbox 263 2556 410 2615; x_wconf 85' lang='lat' dir='ltr'><strong>aliquantum</strong></span> <span class='ocrx_word' id='word_1_308' title='bbox 426 2560 569 2612; x_wconf 87' lang='lat' dir='ltr'><strong>recreabant,</strong></span> <span class='ocrx_word' id='word_1_309' title='bbox 582 2557 668 2603; x_wconf 86' lang='lat' dir='ltr'><strong>deinde</strong></span> <span class='ocrx_word' id='word_1_310' title='bbox 678 2567 733 2605; x_wconf 91' lang='lat' dir='ltr'><strong>ante</strong></span> <span class='ocrx_word' id='word_1_311' title='bbox 744 2572 926 2618; x_wconf 68' lang='lat' dir='ltr'><strong>ennumquam</strong></span> <span class='ocrx_word' id='word_1_312' title='bbox 936 2556 1024 2605; x_wconf 69' lang='lat' dir='ltr'><strong>munus</strong></span> <span class='ocrx_word' id='word_1_313' title='bbox 1035 2566 1140 2619; x_wconf 80' lang='lat' dir='ltr'><strong>tempore</strong></span> 
     </span>
     <span class='ocr_line' id='line_1_35' title="bbox 196 2620 1140 2681; baseline 0.001 -12"><span class='ocrx_word' id='word_1_314' title='bbox 196 2622 231 2669; x_wconf 83' lang='lat' dir='ltr'><strong>tol</strong></span> <span class='ocrx_word' id='word_1_315' title='bbox 244 2622 294 2680; x_wconf 86' lang='lat' dir='ltr'><strong>jam</strong></span> <span class='ocrx_word' id='word_1_316' title='bbox 314 2624 403 2681; x_wconf 82' lang='lat' dir='ltr'><strong>tepidus</strong></span> <span class='ocrx_word' id='word_1_317' title='bbox 420 2629 488 2676; x_wconf 86' lang='lat' dir='ltr'><strong>esset,</strong></span> <span class='ocrx_word' id='word_1_318' title='bbox 507 2622 568 2667; x_wconf 88' lang='lat' dir='ltr'><strong>circa</strong></span> <span class='ocrx_word' id='word_1_319' title='bbox 587 2620 669 2667; x_wconf 89' lang='lat' dir='ltr'><strong>horam</strong></span> <span class='ocrx_word' id='word_1_320' title='bbox 690 2631 796 2669; x_wconf 85' lang='lat' dir='ltr'><strong>octavam</strong></span> <span class='ocrx_word' id='word_1_321' title='bbox 812 2624 850 2669; x_wconf 85' lang='lat' dir='ltr'><strong>vel</strong></span> <span class='ocrx_word' id='word_1_322' title='bbox 870 2637 956 2669; x_wconf 89' lang='lat' dir='ltr'><strong>nonam</strong></span> <span class='ocrx_word' id='word_1_323' title='bbox 975 2622 1050 2669; x_wconf 89' lang='lat' dir='ltr'><strong>animi</strong></span> <span class='ocrx_word' id='word_1_324' title='bbox 1071 2625 1140 2670; x_wconf 75' lang='lat' dir='ltr'><strong>cauri</strong></span> 
     </span>
     <span class='ocr_line' id='line_1_36' title="bbox 196 2685 1140 2747; baseline 0.003 -16"><span class='ocrx_word' id='word_1_325' title='bbox 196 2685 349 2745; x_wconf 78' lang='lat' dir='ltr'><strong>perlegebant</strong></span> <span class='ocrx_word' id='word_1_326' title='bbox 359 2686 462 2732; x_wconf 90' lang='lat' dir='ltr'><strong>carmina</strong></span> <span class='ocrx_word' id='word_1_327' title='bbox 473 2700 548 2746; x_wconf 86' lang='lat' dir='ltr'><strong>nuper</strong></span> <span class='ocrx_word' id='word_1_328' title='bbox 559 2686 584 2731; x_wconf 90' lang='lat' dir='ltr'><strong>in</strong></span> <span class='ocrx_word' id='word_1_329' title='bbox 595 2686 671 2733; x_wconf 88' lang='lat' dir='ltr'><strong>lucem</strong></span> <span class='ocrx_word' id='word_1_330' title='bbox 683 2687 774 2743; x_wconf 85' lang='lat' dir='ltr'><strong>emieaa,</strong></span> <span class='ocrx_word' id='word_1_331' title='bbox 785 2701 894 2747; x_wconf 75' lang='lat' dir='ltr'><strong>sepeque</strong></span> <span class='ocrx_word' id='word_1_332' title='bbox 908 2694 960 2747; x_wconf 82' lang='lat' dir='ltr'><strong>post</strong></span> <span class='ocrx_word' id='word_1_333' title='bbox 976 2700 1070 2734; x_wconf 85' lang='lat' dir='ltr'><strong>coenam</strong></span> <span class='ocrx_word' id='word_1_334' title='bbox 1084 2689 1140 2734; x_wconf 74' lang='lat' dir='ltr'><strong>bori</strong></span> 
     </span>
     <span class='ocr_line' id='line_1_37' title="bbox 196 2748 1141 2811; baseline 0.002 -15"><span class='ocrx_word' id='word_1_335' title='bbox 196 2748 288 2796; x_wconf 78' lang='lat' dir='ltr'><strong>decimi</strong></span> <span class='ocrx_word' id='word_1_336' title='bbox 304 2751 403 2797; x_wconf 86' lang='lat' dir='ltr'><strong>eandem</strong></span> <span class='ocrx_word' id='word_1_337' title='bbox 421 2750 544 2797; x_wconf 89' lang='lat' dir='ltr'><strong>lectionem</strong></span> <span class='ocrx_word' id='word_1_338' title='bbox 561 2754 718 2798; x_wconf 74' lang='lat' dir='ltr'><strong>resumebant.</strong></span> <span class='ocrx_word' id='word_1_339' title='bbox 752 2753 802 2798; x_wconf 85' lang='lat' dir='ltr'><strong>llos</strong></span> <span class='ocrx_word' id='word_1_340' title='bbox 819 2752 891 2811; x_wconf 72' lang='lat' dir='ltr'><strong>igitur</strong></span> <span class='ocrx_word' id='word_1_341' title='bbox 908 2752 1034 2798; x_wconf 54' lang='lat' dir='ltr'><strong>&amp;aerolas</strong></span> <span class='ocrx_word' id='word_1_342' title='bbox 1043 2753 1141 2799; x_wconf 65' lang='lat' dir='ltr'><strong>uetares</strong></span> 
     </span>
     <span class='ocr_line' id='line_1_38' title="bbox 196 2815 1140 2876; baseline 0.006 -17"><span class='ocrx_word' id='word_1_343' title='bbox 196 2828 239 2875; x_wconf 89' lang='lat' dir='ltr'><strong>per</strong></span> <span class='ocrx_word' id='word_1_344' title='bbox 255 2815 336 2861; x_wconf 89' lang='lat' dir='ltr'><strong>domos</strong></span> <span class='ocrx_word' id='word_1_345' title='bbox 353 2830 407 2861; x_wconf 84' lang='lat' dir='ltr'><strong>auae</strong></span> <span class='ocrx_word' id='word_1_346' title='bbox 422 2815 537 2875; x_wconf 79' lang='lat' dir='ltr'><strong>dispersos</strong></span> <span class='ocrx_word' id='word_1_347' title='bbox 548 2816 612 2861; x_wconf 84' lang='lat' dir='ltr'><strong>velut</strong></span> <span class='ocrx_word' id='word_1_348' title='bbox 627 2830 701 2861; x_wconf 89' lang='lat' dir='ltr'><strong>unum</strong></span> <span class='ocrx_word' id='word_1_349' title='bbox 718 2816 743 2862; x_wconf 93' lang='lat' dir='ltr'><strong>in</strong></span> <span class='ocrx_word' id='word_1_350' title='bbox 758 2817 835 2863; x_wconf 91' lang='lat' dir='ltr'><strong>locum</strong></span> <span class='ocrx_word' id='word_1_351' title='bbox 852 2825 1005 2876; x_wconf 69' lang='lat' dir='ltr'><strong>congregatos</strong></span> <span class='ocrx_word' id='word_1_352' title='bbox 1016 2817 1063 2863; x_wconf 83' lang='lat' dir='ltr'><strong>eibi</strong></span> <span class='ocrx_word' id='word_1_353' title='bbox 1073 2833 1140 2865; x_wconf 80' lang='lat' dir='ltr'><strong>aerea</strong></span> 
     </span>
     <span class='ocr_line' id='line_1_39' title="bbox 195 2879 1203 2942; baseline 0.007 -20"><span class='ocrx_word' id='word_1_354' title='bbox 195 2879 300 2939; x_wconf 75' lang='lat' dir='ltr'><strong>prebere</strong></span> <span class='ocrx_word' id='word_1_355' title='bbox 312 2879 386 2936; x_wconf 77' lang='lat' dir='ltr'><strong>fingit,</strong></span> <span class='ocrx_word' id='word_1_356' title='bbox 397 2880 482 2926; x_wconf 89' lang='lat' dir='ltr'><strong>librum</strong></span> <span class='ocrx_word' id='word_1_357' title='bbox 493 2879 640 2926; x_wconf 87' lang='lat' dir='ltr'><strong>recitatorem</strong></span> <span class='ocrx_word' id='word_1_358' title='bbox 650 2880 744 2927; x_wconf 82' lang='lat' dir='ltr'><strong>faciens.</strong></span> <span class='ocrx_word' id='word_1_359' title='bbox 1202 2923 1203 2942; x_wconf 65' lang='grc'><strong>,</strong></span> 
     </span>
    </p>

    <p class='ocr_par' dir='ltr' id='par_1_6' title="bbox 192 2941 1141 3520">
     <span class='ocr_line' id='line_1_40' title="bbox 229 2941 1141 3006; baseline 0.004 -17"><span class='ocrx_word' id='word_1_360' title='bbox 229 2943 332 2991; x_wconf 77' lang='lat'><strong>20-23.</strong></span> <span class='ocrx_word' id='word_1_361' title='bbox 351 2941 403 3004; x_wconf 75' lang='lat' dir='ltr'><strong>[nte</strong></span> <span class='ocrx_word' id='word_1_362' title='bbox 419 2942 538 3006; x_wconf 84' lang='lat' dir='ltr'><strong>libertino]</strong></span> <span class='ocrx_word' id='word_1_363' title='bbox 556 2944 647 2991; x_wconf 88' lang='lat' dir='ltr'><strong>lmitari</strong></span> <span class='ocrx_word' id='word_1_364' title='bbox 664 2945 757 2992; x_wconf 84' lang='lat' dir='ltr'><strong>ridetur</strong></span> <span class='ocrx_word' id='word_1_365' title='bbox 773 2945 997 3005; x_wconf 54' lang='lat' dir='ltr'><strong>grammaticamqui</strong></span> <span class='ocrx_word' id='word_1_366' title='bbox 1008 2945 1141 2993; x_wconf 81' lang='lat' dir='ltr'><strong>scholarum</strong></span> 
     </span>
     <span class='ocr_line' id='line_1_41' title="bbox 196 3009 1141 3067; baseline 0.004 -12"><span class='ocrx_word' id='word_1_367' title='bbox 196 3022 293 3055; x_wconf 88' lang='lat' dir='ltr'><strong>auarum</strong></span> <span class='ocrx_word' id='word_1_368' title='bbox 310 3022 323 3053; x_wconf 90' lang='lat' dir='ltr'><strong>n</strong></span> <span class='ocrx_word' id='word_1_369' title='bbox 340 3016 463 3067; x_wconf 88' lang='lat' dir='ltr'><strong>poetarum</strong></span> <span class='ocrx_word' id='word_1_370' title='bbox 481 3009 534 3055; x_wconf 86' lang='lat' dir='ltr'><strong>vitia</strong></span> <span class='ocrx_word' id='word_1_371' title='bbox 553 3009 690 3056; x_wconf 86' lang='lat' dir='ltr'><strong>enarrandis</strong></span> <span class='ocrx_word' id='word_1_372' title='bbox 707 3010 802 3057; x_wconf 90' lang='lat' dir='ltr'><strong>initium</strong></span> <span class='ocrx_word' id='word_1_373' title='bbox 820 3013 951 3057; x_wconf 85' lang='lat' dir='ltr'><strong>sumebant.</strong></span> <span class='ocrx_word' id='word_1_374' title='bbox 984 3010 1064 3057; x_wconf 84' lang='lat' dir='ltr'><strong>‘Tum</strong></span> <span class='ocrx_word' id='word_1_375' title='bbox 1080 3012 1141 3059; x_wconf 86' lang='lat' dir='ltr'><strong>clare</strong></span> 
     </span>
     <span class='ocr_line' id='line_1_42' title="bbox 197 3072 1141 3134; baseline 0.004 -15"><span class='ocrx_word' id='word_1_376' title='bbox 197 3072 275 3125; x_wconf 86' lang='lat' dir='ltr'><strong>dicito,</strong></span> <span class='ocrx_word' id='word_1_377' title='bbox 287 3086 324 3117; x_wconf 89' lang='lat' dir='ltr'><strong>me</strong></span> <span class='ocrx_word' id='word_1_378' title='bbox 335 3086 360 3117; x_wconf 88' lang='lat' dir='ltr'><strong>re</strong></span> <span class='ocrx_word' id='word_1_379' title='bbox 371 3075 427 3119; x_wconf 74' lang='lat' dir='ltr'><strong>reri</strong></span> <span class='ocrx_word' id='word_1_380' title='bbox 443 3082 509 3133; x_wconf 88' lang='lat' dir='ltr'><strong>patre</strong></span> <span class='ocrx_word' id='word_1_381' title='bbox 524 3074 635 3121; x_wconf 88' lang='lat' dir='ltr'><strong>libertino</strong></span> <span class='ocrx_word' id='word_1_382' title='bbox 651 3082 733 3120; x_wconf 87' lang='lat' dir='ltr'><strong>natum</strong></span> <span class='ocrx_word' id='word_1_383' title='bbox 749 3075 814 3121; x_wconf 63' lang='lat' dir='ltr'><strong>ease)</strong></span> <span class='ocrx_word' id='word_1_384' title='bbox 849 3074 1098 3134; x_wconf 63' lang='lat' dir='ltr'><strong>aegestatem</strong></span> <span class='ocrx_word' id='word_1_385' title='bbox 1108 3100 1141 3111; x_wconf 72' lang='grc'><strong>«-</strong></span> 
     </span>
     <span class='ocr_line' id='line_1_43' title="bbox 197 3134 1141 3199; baseline 0.004 -15"><span class='ocrx_word' id='word_1_386' title='bbox 197 3134 314 3199; x_wconf 78' lang='lat' dir='ltr'><strong>[Majoree</strong></span> <span class='ocrx_word' id='word_1_387' title='bbox 322 3134 419 3197; x_wconf 63' lang='lat' dir='ltr'><strong>munao]</strong></span> <span class='ocrx_word' id='word_1_388' title='bbox 437 3138 523 3185; x_wconf 82' lang='lat' dir='ltr'><strong>‘Dices</strong></span> <span class='ocrx_word' id='word_1_389' title='bbox 534 3153 571 3185; x_wconf 87' lang='lat' dir='ltr'><strong>tne</strong></span> <span class='ocrx_word' id='word_1_390' title='bbox 582 3140 672 3198; x_wconf 68' lang='lat' dir='ltr'><strong>maiora</strong></span> <span class='ocrx_word' id='word_1_391' title='bbox 681 3139 778 3185; x_wconf 90' lang='lat' dir='ltr'><strong>omnino</strong></span> <span class='ocrx_word' id='word_1_392' title='bbox 788 3153 871 3187; x_wconf 85' lang='lat' dir='ltr'><strong>ausum</strong></span> <span class='ocrx_word' id='word_1_393' title='bbox 881 3148 953 3198; x_wconf 83' lang='lat' dir='ltr'><strong>atque</strong></span> <span class='ocrx_word' id='word_1_394' title='bbox 960 3140 1033 3185; x_wconf 87' lang='lat' dir='ltr'><strong>etiam</strong></span> <span class='ocrx_word' id='word_1_395' title='bbox 1042 3140 1141 3187; x_wconf 77' lang='lat' dir='ltr'><strong>feliciter</strong></span> 
     </span>
     <span class='ocr_line' id='line_1_44' title="bbox 196 3202 1141 3263; baseline 0.003 -14"><span class='ocrx_word' id='word_1_396' title='bbox 196 3203 309 3262; x_wconf 88' lang='lat' dir='ltr'><strong>adeptum</strong></span> <span class='ocrx_word' id='word_1_397' title='bbox 326 3215 383 3255; x_wconf 82' lang='lat' dir='ltr'><strong>eoae,</strong></span> <span class='ocrx_word' id='word_1_398' title='bbox 400 3215 471 3261; x_wconf 86' lang='lat' dir='ltr'><strong>quam</strong></span> <span class='ocrx_word' id='word_1_399' title='bbox 488 3203 615 3249; x_wconf 88' lang='lat' dir='ltr'><strong>concedere</strong></span> <span class='ocrx_word' id='word_1_400' title='bbox 632 3203 683 3249; x_wconf 85' lang='lat' dir='ltr'><strong>visa</strong></span> <span class='ocrx_word' id='word_1_401' title='bbox 698 3202 729 3250; x_wconf 91' lang='lat' dir='ltr'><strong>sit</strong></span> <span class='ocrx_word' id='word_1_402' title='bbox 747 3205 825 3251; x_wconf 76' lang='lat' dir='ltr'><strong>tentus</strong></span> <span class='ocrx_word' id='word_1_403' title='bbox 840 3218 893 3250; x_wconf 89' lang='lat' dir='ltr'><strong>mea</strong></span> <span class='ocrx_word' id='word_1_404' title='bbox 909 3203 991 3263; x_wconf 66' lang='lat' dir='ltr'><strong>origo!</strong></span> <span class='ocrx_word' id='word_1_405' title='bbox 1024 3205 1141 3251; x_wconf 80' lang='lat' dir='ltr'><strong>Conabae</strong></span> 
     </span>
     <span class='ocr_line' id='line_1_45' title="bbox 197 3264 1141 3327; baseline 0.003 -13"><span class='ocrx_word' id='word_1_406' title='bbox 197 3274 276 3314; x_wconf 91' lang='lat' dir='ltr'><strong>autem</strong></span> <span class='ocrx_word' id='word_1_407' title='bbox 284 3282 372 3327; x_wconf 80' lang='lat' dir='ltr'><strong>pennos</strong></span> <span class='ocrx_word' id='word_1_408' title='bbox 382 3264 480 3322; x_wconf 82' lang='lat' dir='ltr'><strong>majorca</strong></span> <span class='ocrx_word' id='word_1_409' title='bbox 494 3269 548 3313; x_wconf 87' lang='lat' dir='ltr'><strong>nido</strong></span> <span class='ocrx_word' id='word_1_410' title='bbox 566 3265 649 3327; x_wconf 87' lang='lat' dir='ltr'><strong>(quam</strong></span> <span class='ocrx_word' id='word_1_411' title='bbox 666 3267 736 3313; x_wconf 88' lang='lat' dir='ltr'><strong>uidua</strong></span> <span class='ocrx_word' id='word_1_412' title='bbox 752 3268 813 3327; x_wconf 87' lang='lat' dir='ltr'><strong>erat)</strong></span> <span class='ocrx_word' id='word_1_413' title='bbox 824 3270 958 3322; x_wconf 72' lang='lat' dir='ltr'><strong>extendisse,</strong></span> <span class='ocrx_word' id='word_1_414' title='bbox 969 3268 1100 3327; x_wconf 75' lang='lat' dir='ltr'><strong>explicatae</strong></span> <span class='ocrx_word' id='word_1_415' title='bbox 1110 3271 1141 3317; x_wconf 91' lang='lat' dir='ltr'><strong>ad</strong></span> 
     </span>
     <span class='ocr_line' id='line_1_46' title="bbox 196 3327 1141 3395; baseline 0.006 -20"><span class='ocrx_word' id='word_1_416' title='bbox 196 3327 415 3392; x_wconf 76' lang='lat' dir='ltr'><strong>rolatum-[Ille</strong></span> <span class='ocrx_word' id='word_1_417' title='bbox 426 3328 523 3393; x_wconf 80' lang='lat' dir='ltr'><strong>primis]</strong></span> <span class='ocrx_word' id='word_1_418' title='bbox 546 3332 654 3379; x_wconf 65' lang='lat' dir='ltr'><strong>clusa</strong></span> <span class='ocrx_word' id='word_1_419' title='bbox 666 3332 773 3387; x_wconf 61' lang='grc' dir='ltr'><strong>ΜΠ.</strong></span> <span class='ocrx_word' id='word_1_420' title='bbox 800 3332 1141 3395; x_wconf 71' lang='lat' dir='ltr'><strong>Epp.l‚7,35,1’riauipiiaa</strong></span> 
     </span>
     <span class='ocr_line' id='line_1_47' title="bbox 192 3396 1141 3456; baseline 0.004 -13"><span class='ocrx_word' id='word_1_421' title='bbox 192 3397 308 3456; x_wconf 70' lang='lat' dir='ltr'><strong>placuisse</strong></span> <span class='ocrx_word' id='word_1_422' title='bbox 318 3397 374 3441; x_wconf 85' lang='lat' dir='ltr'><strong>oiria</strong></span> <span class='ocrx_word' id='word_1_423' title='bbox 384 3411 427 3443; x_wconf 90' lang='lat' dir='ltr'><strong>non</strong></span> <span class='ocrx_word' id='word_1_424' title='bbox 437 3396 518 3443; x_wconf 75' lang='lat' dir='ltr'><strong>ultima</strong></span> <span class='ocrx_word' id='word_1_425' title='bbox 528 3397 580 3443; x_wconf 84' lang='lat' dir='ltr'><strong>laur</strong></span> <span class='ocrx_word' id='word_1_426' title='bbox 590 3402 632 3444; x_wconf 82' lang='lat' dir='ltr'><strong>eet.</strong></span> <span class='ocrx_word' id='word_1_427' title='bbox 667 3397 725 3444; x_wconf 76' lang='lat' dir='ltr'><strong>Hac</strong></span> <span class='ocrx_word' id='word_1_428' title='bbox 741 3406 821 3444; x_wconf 87' lang='lat' dir='ltr'><strong>autem</strong></span> <span class='ocrx_word' id='word_1_429' title='bbox 835 3398 939 3445; x_wconf 81' lang='lat' dir='ltr'><strong>scribens</strong></span> <span class='ocrx_word' id='word_1_430' title='bbox 953 3399 1091 3447; x_wconf 76' lang='lat' dir='ltr'><strong>recordatus</strong></span> <span class='ocrx_word' id='word_1_431' title='bbox 1105 3406 1141 3446; x_wconf 77' lang='lat' dir='ltr'><strong>est</strong></span> 
     </span>
     <span class='ocr_line' id='line_1_48' title="bbox 196 3460 842 3520; baseline 0.005 -14"><span class='ocrx_word' id='word_1_432' title='bbox 196 3467 221 3506; x_wconf 90' lang='lat' dir='ltr'><strong>et</strong></span> <span class='ocrx_word' id='word_1_433' title='bbox 233 3460 299 3506; x_wconf 89' lang='lat' dir='ltr'><strong>Bruti</strong></span> <span class='ocrx_word' id='word_1_434' title='bbox 309 3460 437 3520; x_wconf 83' lang='lat' dir='ltr'><strong>Caaaiique,</strong></span> <span class='ocrx_word' id='word_1_435' title='bbox 448 3469 472 3506; x_wconf 89' lang='lat' dir='ltr'><strong>et</strong></span> <span class='ocrx_word' id='word_1_436' title='bbox 483 3460 604 3507; x_wconf 79' lang='lat' dir='ltr'><strong>Octaviani</strong></span> <span class='ocrx_word' id='word_1_437' title='bbox 614 3470 686 3520; x_wconf 82' lang='lat' dir='ltr'><strong>atque</strong></span> <span class='ocrx_word' id='word_1_438' title='bbox 698 3462 842 3509; x_wconf 76' lang='lat' dir='ltr'><strong>Meeenatir.</strong></span> 
     </span>
    </p>

    <p class='ocr_par' dir='ltr' id='par_1_7' title="bbox 196 3522 1140 3654">
     <span class='ocr_line' id='line_1_49' title="bbox 229 3522 1140 3588; baseline 0.005 -18"><span class='ocrx_word' id='word_1_439' title='bbox 229 3526 268 3581; x_wconf 80' lang='lat'><strong>24,</strong></span> <span class='ocrx_word' id='word_1_440' title='bbox 280 3526 318 3571; x_wconf 55' lang='lat'><strong>25</strong></span> <span class='ocrx_word' id='word_1_441' title='bbox 337 3522 437 3587; x_wconf 70' lang='lat' dir='ltr'><strong>[exigui]</strong></span> <span class='ocrx_word' id='word_1_442' title='bbox 456 3526 504 3571; x_wconf 85' lang='lat' dir='ltr'><strong>Sat.</strong></span> <span class='ocrx_word' id='word_1_443' title='bbox 515 3525 538 3580; x_wconf 71' lang='lat'><strong>2,</strong></span> <span class='ocrx_word' id='word_1_444' title='bbox 549 3525 573 3581; x_wconf 82' lang='grc'><strong>3,</strong></span> <span class='ocrx_word' id='word_1_445' title='bbox 584 3524 641 3582; x_wconf 76' lang='grc'><strong>308,</strong></span> <span class='ocrx_word' id='word_1_446' title='bbox 659 3528 735 3588; x_wconf 74' lang='lat' dir='ltr'><strong>longor</strong></span> <span class='ocrx_word' id='word_1_447' title='bbox 751 3529 851 3574; x_wconf 71' lang='lat' dir='ltr'><strong>imiteris</strong></span> <span class='ocrx_word' id='word_1_448' title='bbox 866 3528 898 3573; x_wconf 77' lang='lat' dir='ltr'><strong>ab</strong></span> <span class='ocrx_word' id='word_1_449' title='bbox 912 3528 958 3573; x_wconf 82' lang='lat' dir='ltr'><strong>into</strong></span> <span class='ocrx_word' id='word_1_450' title='bbox 974 3528 1016 3574; x_wconf 86' lang='lat' dir='ltr'><strong>Ad</strong></span> <span class='ocrx_word' id='word_1_451' title='bbox 1030 3542 1140 3575; x_wconf 68' lang='lat' dir='ltr'><strong>maa·</strong></span> 
     </span>
     <span class='ocr_line' id='line_1_50' title="bbox 196 3590 1139 3654; baseline 0.005 -20"><span class='ocrx_word' id='word_1_452' title='bbox 196 3592 257 3635; x_wconf 79' lang='lat' dir='ltr'><strong>totae</strong></span> <span class='ocrx_word' id='word_1_453' title='bbox 273 3590 359 3639; x_wconf 78' lang='lat' dir='ltr'><strong>nuduli</strong></span> <span class='ocrx_word' id='word_1_454' title='bbox 378 3591 508 3651; x_wconf 71' lang='lat' dir='ltr'><strong>lipedotirs</strong></span> <span class='ocrx_word' id='word_1_455' title='bbox 531 3597 556 3637; x_wconf 91' lang='lat' dir='ltr'><strong>et</strong></span> <span class='ocrx_word' id='word_1_456' title='bbox 575 3591 696 3649; x_wconf 65' lang='lat' dir='ltr'><strong>Augustus</strong></span> <span class='ocrx_word' id='word_1_457' title='bbox 712 3591 738 3638; x_wconf 92' lang='lat' dir='ltr'><strong>in</strong></span> <span class='ocrx_word' id='word_1_458' title='bbox 757 3592 865 3653; x_wconf 72' lang='lat' dir='ltr'><strong>Epistola</strong></span> <span class='ocrx_word' id='word_1_459' title='bbox 883 3591 914 3639; x_wconf 85' lang='lat' dir='ltr'><strong>ad</strong></span> <span class='ocrx_word' id='word_1_460' title='bbox 932 3592 1058 3639; x_wconf 80' lang='lat' dir='ltr'><strong>Horatium</strong></span> <span class='ocrx_word' id='word_1_461' title='bbox 1075 3593 1139 3654; x_wconf 87' lang='lat' dir='ltr'><strong>apud</strong></span> 
     </span>
    </p>
   </div>
   <div class='ocr_carea' id='block_1_5' title="bbox 0 0 1228 4059">
    <p class='ocr_par' dir='ltr' id='par_1_8' title="bbox 0 0 1228 4059">
     <span class='ocr_line' id='line_1_51' title="bbox 0 0 1228 4059; baseline 0 0"><span class='ocrx_word' id='word_1_462' title='bbox 0 0 1228 4059; x_wconf 95' lang='lat' dir='ltr'><strong> </strong></span> 
     </span>
    </p>
   </div>
  </div>
 </body>
</html>
