2442 4059
119 288 173 325 asa.
186 288 215 324 tt.
230 273 264 338 i.]
445 274 727 324 INTERPRETATIO.
1001 275 1065 339 257

118 427 188 473 andri
202 427 244 482 tt,
257 427 286 473 de
303 440 350 486 quo
364 426 405 473 cir.
424 422 450 473 Α.
462 427 487 473 Ρ.
502 425 557 481 357.
566 450 598 461 -
607 423 734 488 [versibus]
752 426 852 483 dativus,
869 434 896 472 ut
912 426 981 473 ovid.
994 427 1064 473 Trist.

118 492 144 547 2,
166 491 203 546 10,
225 493 349 552 Acceptum
369 488 443 550 resero
464 494 564 538 ansibus
585 507 633 539 esse
650 488 903 553 nocens-[lietalit]
926 492 1066 551 ‘Acceptum

118 552 208 616 νοΙοννο
218 565 242 602 et
253 558 278 602 in
288 562 405 615 acceptam
416 553 501 615 referre
512 556 606 615 proprie
617 564 652 603 est
662 556 763 602 scribere
774 556 798 600 in
811 557 896 602 tabulis
907 564 929 601 te
940 557 1065 615 accepisse,

119 621 321 679 quemadmodum
338 635 457 679 expensam
468 617 535 680 serre
549 629 585 666 est
598 621 698 667 scribere
714 629 737 665 te
753 620 844 667 dedisse
856 621 892 667 vel
909 622 1064 681 expendisse!

117 684 209 732 natet
217 710 249 719 -
258 682 348 745 [regale
359 685 478 741 nomisma]
499 685 626 743 ‘gloriatus
637 686 716 731 estrei
727 685 822 743 gloriari
834 686 910 745 potuit
920 699 945 731 se
952 687 983 730 ab
994 687 1065 731 Alex·

117 750 195 825 andro
220 746 385 823 Φολιππείους
409 748 546 811 στατῆρας,
565 750 699 809 Philippeos
719 765 834 805 nummos,
856 752 918 809 regis
939 751 1016 809 effigie
1038 764 1065 796 ac

119 816 713 941 nogliiig-siiimliiiitinieesiiililisciiiiiiiegiiieeris
725 876 884 939 (scriptorium
895 887 918 925 et
927 875 1064 939 pictoriam)

117 952 261 989 contrectata
273 944 377 988 maculae
391 945 509 989 remittant
529 941 576 1003 (pr.
586 952 649 988 retro
663 941 781 1001 mittant),
801 945 937 1002 relinquunt
952 944 976 988 in
988 944 1064 989 mani·

117 1006 179 1054 bus!
208 1004 296 1068 (Lases
315 1007 339 1053 h.
358 1007 373 1053 l.
391 1004 647 1069 manaim—[vetate]
672 1008 732 1053 Piin.
754 1008 784 1053 tt.
803 1009 832 1055 N.
849 1007 874 1063 7,
891 1006 930 1064 37,
947 1008 1011 1055 Idem
1028 1010 1065 1055 ltic

116 1074 243 1132 imperator
264 1073 344 1126 edicit,
365 1086 393 1118 ne
414 1074 466 1133 qais
486 1075 560 1130 ipsam
581 1074 642 1119 alias
663 1088 730 1133 qaam
753 1074 844 1132 Apelles
861 1074 976 1133 pingeret,
997 1087 1065 1133 quarn

116 1136 254 1197 Pyrgoteles
266 1138 385 1195 scalperet,
401 1152 469 1197 qaam
483 1137 599 1196 Lysippus
616 1152 644 1183 ee
659 1152 705 1183 aere
716 1139 814 1183 ᾰοοονοτ.
823 1161 857 1170 -
866 1136 938 1197 [alias
948 1134 1063 1198 Lysippo]

116 1198 200 1255 ἄλλος
219 1199 362 1257 Λυσίππου,
379 1210 405 1245 ut
424 1202 484 1260 Epp.
499 1201 520 1257 l,
538 1200 575 1256 lli,
591 1201 670 1249 20.-
686 1199 791 1262 [duceret
807 1201 868 1258 ars]
886 1215 936 1260 pro,
954 1203 1066 1248 ‘duceret

117 1280 149 1311 ex
169 1280 216 1311 aere
230 1264 356 1311 Alexandri
375 1265 492 1323 effigiem!
502 1290 535 1299 -
545 1262 702 1327 [simulantia]
721 1268 840 1312 ‘accurate
850 1264 1021 1325 exprimentia·
1039 1277 1066 1313 ut

118 1332 149 1377 Α.
160 1330 187 1376 Ρ.
200 1330 238 1376 20.
249 1354 282 1363 -
295 1326 422 1390 [videndis]
441 1330 480 1376 ‘in
499 1330 656 1390 diiudicandis
674 1330 759 1376 artium
777 1330 893 1390 operibus,
912 1339 991 1375 utrum
1009 1345 1063 1389 per·

117 1394 187 1441 sectae
198 1394 245 1439 sint
255 1394 386 1453 artilenque
397 1394 506 1453 speciem,
523 1409 593 1454 quam
609 1404 688 1441 mente
699 1405 845 1455 conceperat,
860 1393 965 1453 attigerit
977 1395 1065 1441 necne!

116 1482 151 1494 —
160 1455 292 1521 [Boeotias]
311 1460 382 1505 Corn.
394 1459 480 1518 Nepos,
493 1460 567 1505 Aleia.
580 1460 618 1515 ll,
638 1461 718 1506 Omnes
729 1461 805 1507 Boeoti
819 1461 1005 1521 magisfirsnitati
1014 1475 1064 1506 cor·

116 1527 182 1584 poris
193 1539 259 1583 qaam
271 1527 293 1569 in
311 1526 357 1571 caii
367 1527 466 1570 acumini
476 1527 608 1571 inserviant.

151 1587 208 1644 245,
220 1588 275 1635 246.
293 1540 339 1649 {Al
350 1585 433 1649 neque]
451 1589 458 1613 ‘
470 1590 506 1634 Tu
517 1597 597 1634 contra
608 1589 770 1635 tantammodo
781 1587 977 1648 prestantissimis
988 1589 1064 1648 poetis

117 1652 198 1699 faves!
207 1677 240 1686 —
251 1650 335 1713 [malta
352 1654 429 1699 dantis
442 1669 491 1700 cam
509 1650 589 1715 laude]
608 1654 657 1699 ‘ita
671 1653 754 1709 dantis,
772 1662 798 1699 ut
811 1656 840 1699 ab
852 1654 959 1699 omnibus
972 1653 1064 1713 Virgilii

117 1717 232 1777 Veriique
251 1718 325 1777 aequis
346 1718 526 1763 aestimatoribus
544 1718 628 1764 merito
647 1717 792 1771 laudareres'
814 1718 871 1774 sive,
892 1726 917 1763 ut
935 1718 1064 1764 Lambinus

116 1782 160 1837 ait,
186 1782 276 1827 ‘multi
295 1784 406 1829 taicum
428 1782 514 1829 laude)
531 1806 564 1815 —
578 1783 689 1843 Virgilius
709 1792 814 1829 manuus
836 1790 872 1829 est
891 1795 915 1828 a.
929 1795 952 1830 υ.
965 1796 986 1829 c.
1007 1781 1063 1837 735,

117 1856 144 1893 et
160 1846 243 1893 Variae
254 1846 309 1891 item
322 1846 414 1893 videtur
426 1855 481 1893 ante
493 1846 553 1893 hanc
565 1846 695 1906 Epistulam
707 1848 858 1907 compositam
870 1858 968 1893 mortem
979 1849 1063 1894 obisse.

152 1910 287 1957 ato-eoo.
306 1907 440 1972 [semones]
467 1910 564 1957 ‘satiras
583 1920 606 1957 et
625 1912 742 1970 epistolas,
766 1927 818 1970 ques
835 1927 965 1958 sermonem
984 1912 1062 1972 quoti·

118 1976 218 2022 dianam
240 1975 359 2021 referunt!
382 1977 429 2023 Sct.
450 1977 480 2022 ad
500 1976 557 2022 Her.
574 1974 596 2030 3,
609 1975 655 2022 13ι
672 1978 766 2023 Sermo
784 1983 819 2024 est
836 1979 909 2024 oratio
926 1979 1022 2023 remissa
1039 1983 1063 2023 el

114 2040 216 2094 tinitina
230 2042 369 2101 quotidiana
388 2042 512 2087 locationi:
533 2039 590 2086 hinc
610 2040 714 2100 repentes
730 2057 774 2100 per
793 2044 890 2097 hamane,
907 2040 991 2087 humili
1008 2040 1063 2087 stilo

117 2104 261 2163 conscriptos
278 2105 382 2151 dicia—
394 2101 483 2166 [arces]
502 2108 578 2164 ‘quae,
596 2105 702 2164 quamvis
716 2106 833 2151 montibus
848 2106 962 2165 impositae
977 2114 1062 2158 essent,

117 2178 198 2215 tamen
216 2183 231 2213 a
248 2177 270 2214 ta
285 2178 358 2229 captae
376 2169 446 2215 sunt!
458 2194 491 2204 —
503 2166 606 2233 [tuisque
622 2166 751 2230 Aaspiciis]
768 2171 834 2216 Suet.
844 2171 895 2215 Oct.
906 2169 952 2215 at:
969 2169 1064 2216 Danais

113 2236 204 2295 partin
220 2233 236 2279 d
240 2240 313 2288 acia,
328 2237 415 2294 partim
425 2235 565 2294 auspiciis
575 2236 624 2280 sais
636 2234 791 2289 Cantabriam,
803 2235 959 2294 Aquitaniam,
969 2234 1062 2280 Panna·

115 2300 188 2353 πίονι,
205 2298 346 2344 Dalmatiam
364 2314 414 2345 casn
436 2299 531 2360 Illyrica
550 2301 625 2344 enni:
646 2302 700 2346 itesn
715 2299 828 2344 libatiam
846 2304 869 2343 et
890 2296 1016 2344 Vindelicos
1033 2314 1063 2345 ac

117 2359 392 2424 Salassos-[lanam]
418 2364 462 2409 Od.
479 2363 502 2422 4,
520 2363 559 2420 15,
575 2364 600 2411 9.
628 2364 693 2409 Suet.
710 2364 761 2409 Oct.
779 2363 823 2408 22:
841 2362 924 2407 lanam
941 2363 1062 2412 Quirinalis

115 2428 187 2475 senet
196 2433 264 2489 atque
278 2431 384 2491 iteramp
395 2429 486 2475 condita
497 2429 552 2475 arbe
562 2431 691 2474 cremonam
700 2435 753 2474 ante
763 2442 828 2473 sassa
838 2428 945 2482 clausam,
957 2430 981 2472 in
991 2429 1062 2474 remla

117 2494 220 2539 ὸνοοίονο
231 2495 336 2551 temporis
347 2495 428 2552 spatio,
448 2495 512 2539 terra
522 2494 625 2553 nariqae
637 2508 694 2553 paee
706 2494 785 2553 parisi,
805 2498 839 2538 tes
856 2493 931 2537 clusit.
951 2489 988 2551 (n.
1001 2504 1025 2538 a.
1038 2504 1061 2539 c,

115 2554 174 2611 725,
185 2555 240 2612 799,
252 2566 275 2601 et
286 2554 353 2616 744)
366 2554 525 2618 —[Partltis]
544 2558 588 2603 od,
600 2557 624 2612 3,
635 2559 658 2613 b,
669 2559 692 2603 2.
726 2558 804 2603 Carm.
815 2559 866 2604 Sec.
877 2556 916 2602 54.
942 2556 991 2603 Sat.
1002 2557 1026 2613 2,
1037 2558 1060 2611 o,

115 2621 157 2677 62.
176 2622 194 2665 E
214 2636 235 2679 p.
249 2620 270 2676 l,
284 2621 320 2675 12.
332 2619 371 2675 27.

149 2636 274 2740 958ῗ259.
298 2682 404 2746 [recipit]
430 2685 563 2732 ‘admittit'
598 2685 649 2733 Lis.
661 2687 700 2740 29,
713 2687 753 2743 94,
769 2685 857 2747 sejam
869 2687 986 2732 nonaltra
1002 2688 1061 2733 reci·

111 2751 193 2811 pionte
214 2752 427 2797 cunctationem—
439 2747 538 2812 [pudor]
567 2754 658 2797 ‘rectus
679 2766 761 2797 sensus
782 2752 832 2811 ejus
854 2752 917 2810 quod
935 2751 1062 2797 decet)-

117 2810 248 2877 [recasent]
267 2816 295 2859 Α.
308 2815 332 2859 Ρ.
344 2815 384 2870 39,
400 2812 527 2875 quidserre
537 2823 647 2873 rement,
661 2817 723 2866 Quid
732 2818 822 2863 caleant
832 2817 925 2862 humeri.

150 2878 285 2925 269-962.
315 2876 455 2941 [Sedalitas]
483 2882 638 2938 afficiensnsss.
676 2881 767 2938 lange:
791 2897 856 2942 quesn
880 2882 949 2927 stalle
973 2881 1060 2942 diligit.

116 2943 201 2989 ‘Talis
216 2953 294 2989 sutem
306 2944 417 2990 sedulitas
433 2942 538 3006 (Sidonii
551 2943 693 3003 Apollinaris
707 2944 843 3005 officiositas)
863 2955 917 2991 tunc
932 2945 1058 3003 inprimis,

116 3022 191 3067 quum
203 3022 283 3053 versus
300 3022 353 3053 suos
365 3008 538 3068 artificiumque
555 3009 673 3068 poeticum
690 3010 812 3055 venditans
827 3010 894 3055 nobis
904 3024 930 3055 se
940 3023 1059 3055 commen·

116 3074 174 3118 dare
185 3074 271 3126 studet,
282 3074 381 3118 molesta
391 3074 458 3119 nobis
468 3073 567 3119 accidit?
578 3097 610 3106 -
623 3071 713 3135 [Discit
721 3071 791 3134 enim]
809 3074 923 3134 ‘aliquis'
956 3075 971 3099 ⁰⁴
980 3072 1059 3131 Signi·

115 3136 172 3183 iicet
181 3146 260 3183 autem
272 3139 360 3197 majore
371 3138 449 3184 studio
464 3138 575 3183 ridiculos
588 3152 668 3183 versus
685 3138 819 3198 panegyrici
830 3140 929 3199 aiicujus
939 3139 968 3183 ab
983 3136 1060 3182 homi·

115 3202 186 3248 nibus
207 3201 295 3247 lestinis
315 3202 386 3249 edisci
408 3217 435 3249 ac
457 3203 570 3249 memorii
592 3202 667 3248 teneti
686 3217 756 3262 qoam
775 3203 934 3254 admirabilem
960 3216 1015 3260 ergo
1034 3201 1060 3247 in

115 3274 228 3312 aeternam
248 3267 384 3312 memoriam
401 3268 501 3313 loedatos
517 3277 561 3326 est,
581 3281 652 3327 quem
672 3268 718 3313 tale
735 3282 827 3313 carmen
846 3266 978 3327 polluerit.”
1002 3265 1060 3311 Aer.

115 3330 214 3377 Etenim
236 3332 293 3377 tales
316 3331 360 3377 loci
383 3331 475 3378 ridiculi
494 3332 571 3377 satirae
590 3333 663 3378 instar
680 3340 735 3378 sunt
752 3332 777 3377 in
797 3330 1060 3390 eum,quem1aadare

114 3395 296 3456 volebatpoeta.

148 3458 269 3515 265,266.
288 3458 325 3521 [in
340 3457 422 3522 pejus]
448 3460 506 3507 Piin.
519 3460 598 3519 tipo,
612 3460 656 3507 lo:
678 3461 709 3507 ta
723 3463 824 3521 pictores
838 3459 1059 3519 palclsromalsola-

115 3528 205 3585 iamqas
213 3521 313 3583 sormam
330 3541 384 3571 raro
400 3527 445 3571 nisi
462 3527 489 3571 in
504 3524 588 3587 pejus
604 3528 760 3584 effinganl.—
770 3520 873 3585 [cereas]
890 3522 1013 3569 Probabile
1024 3532 1061 3570 est

115 3588 210 3635 Horatii
226 3590 368 3649 temporibus
386 3604 464 3635 cereas
484 3590 598 3649 imagines
616 3591 717 3635 virorum
739 3589 873 3646 illustrium,
891 3588 985 3643 ducum,
1006 3602 1060 3634 ors·

115 3661 201 3709 torum,
216 3663 347 3713 poetarum,
363 3654 562 3715 philosophorum,
580 3654 675 3701 venales
691 3653 763 3699 fuisse
778 3667 821 3713 per
834 3657 950 3710 tabernas,
966 3667 1019 3713 qua
1029 3655 1060 3700 ab
