<?xml version="1.0" encoding="UTF-8"?>
<!DOCTYPE html PUBLIC "-//W3C//DTD XHTML 1.0 Transitional//EN"
    "http://www.w3.org/TR/xhtml1/DTD/xhtml1-transitional.dtd">
<html xmlns="http://www.w3.org/1999/xhtml" xml:lang="en" lang="en">
 <head>
  <title>
</title>
<meta http-equiv="Content-Type" content="text/html;charset=utf-8" />
  <meta name='ocr-system' content='tesseract 3.04.00' />
  <meta name='ocr-capabilities' content='ocr_page ocr_carea ocr_par ocr_line ocrx_word'/>
</head>
<body>
  <div class='ocr_page' id='page_1' title='image "./ecloghoratianad00flacgoog_0223.png"; bbox 0 0 2442 4059; ppageno 0'>
   <div class='ocr_carea' id='block_1_1' title="bbox 114 268 1061 338">
    <p class='ocr_par' dir='ltr' id='par_1_1' title="bbox 114 268 1061 338">
     <span class='ocr_line' id='line_1_1' title="bbox 114 268 1061 338; baseline 0.005 -17"><span class='ocrx_word' id='word_1_1' title='bbox 114 284 169 321; x_wconf 81' lang='lat' dir='ltr'>ns.</span> <span class='ocrx_word' id='word_1_2' title='bbox 182 284 200 321; x_wconf 85' lang='lat' dir='ltr'>t.</span> <span class='ocrx_word' id='word_1_3' title='bbox 213 268 265 335; x_wconf 84' lang='grc'>6.]</span> <span class='ocrx_word' id='word_1_4' title='bbox 449 272 730 321; x_wconf 80' lang='lat' dir='ltr'>rnruuraursrro.</span> <span class='ocrx_word' id='word_1_5' title='bbox 996 272 1061 338; x_wconf 75' lang='lat'>215</span> 
     </span>
    </p>
   </div>
   <div class='ocr_carea' id='block_1_2' title="bbox 113 419 1065 3011">
    <p class='ocr_par' dir='ltr' id='par_1_2' title="bbox 114 419 1064 1199">
     <span class='ocr_line' id='line_1_2' title="bbox 149 419 1062 485; baseline 0.002 -14"><span class='ocrx_word' id='word_1_6' title='bbox 149 423 253 471; x_wconf 74' lang='lat' dir='ltr'>stt-ta</span> <span class='ocrx_word' id='word_1_7' title='bbox 289 419 427 485; x_wconf 82' lang='lat' dir='ltr'>[dominum]</span> <span class='ocrx_word' id='word_1_8' title='bbox 456 423 560 469; x_wconf 79' lang='lat' dir='ltr'>Stoicum</span> <span class='ocrx_word' id='word_1_9' title='bbox 577 424 630 471; x_wconf 88' lang='lat' dir='ltr'>hoc.</span> <span class='ocrx_word' id='word_1_10' title='bbox 663 423 1062 483; x_wconf 77' lang='lat' dir='ltr'>antan.1tptetet.t,1‚ss,de</span> 
     </span>
     <span class='ocr_line' id='line_1_3' title="bbox 114 484 1061 553; baseline 0.003 -18"><span class='ocrx_word' id='word_1_11' title='bbox 114 490 203 545; x_wconf 83' lang='lat' dir='ltr'>stultis,</span> <span class='ocrx_word' id='word_1_12' title='bbox 222 504 280 548; x_wconf 89' lang='lat' dir='ltr'>quos</span> <span class='ocrx_word' id='word_1_13' title='bbox 295 490 417 534; x_wconf 75' lang='lat' dir='ltr'>dicebant:</span> <span class='ocrx_word' id='word_1_14' title='bbox 442 484 521 544; x_wconf 67' lang='grc'><strong>611666</strong></span> <span class='ocrx_word' id='word_1_15' title='bbox 537 484 584 537; x_wconf 75' lang='lat' dir='ltr'>obv</span> <span class='ocrx_word' id='word_1_16' title='bbox 604 486 718 545; x_wconf 76' lang='grc' dir='ltr'>πολλοὺς</span> <span class='ocrx_word' id='word_1_17' title='bbox 735 486 833 550; x_wconf 75' lang='grc' dir='ltr'>κυρίους</span> <span class='ocrx_word' id='word_1_18' title='bbox 850 486 956 553; x_wconf 64' lang='grc' dir='ltr'><strong><em>ἔχομενς</em></strong></span> <span class='ocrx_word' id='word_1_19' title='bbox 982 488 1061 538; x_wconf 77' lang='lat' dir='ltr'>otro.</span> 
     </span>
     <span class='ocr_line' id='line_1_4' title="bbox 114 553 1061 615; baseline 0.001 -15"><span class='ocrx_word' id='word_1_20' title='bbox 114 554 244 601; x_wconf 84' lang='lat' dir='ltr'>‘Libertas</span> <span class='ocrx_word' id='word_1_21' title='bbox 263 554 336 613; x_wconf 74' lang='lat' dir='ltr'>igitur</span> <span class='ocrx_word' id='word_1_22' title='bbox 353 553 415 599; x_wconf 88' lang='lat' dir='ltr'>inter</span> <span class='ocrx_word' id='word_1_23' title='bbox 432 554 549 613; x_wconf 79' lang='lat' dir='ltr'>praecipua</span> <span class='ocrx_word' id='word_1_24' title='bbox 569 554 643 600; x_wconf 88' lang='lat' dir='ltr'>animi</span> <span class='ocrx_word' id='word_1_25' title='bbox 661 556 723 601; x_wconf 87' lang='lat' dir='ltr'>botta</span> <span class='ocrx_word' id='word_1_26' title='bbox 740 553 863 601; x_wconf 82' lang='lat' dir='ltr'>reserenda</span> <span class='ocrx_word' id='word_1_27' title='bbox 881 563 930 607; x_wconf 72' lang='lat' dir='ltr'>eatt</span> <span class='ocrx_word' id='word_1_28' title='bbox 954 557 1003 615; x_wconf 66' lang='lat' dir='ltr'>quit</span> <span class='ocrx_word' id='word_1_29' title='bbox 1020 556 1061 615; x_wconf 91' lang='lat' dir='ltr'>qui</span> 
     </span>
     <span class='ocr_line' id='line_1_5' title="bbox 114 618 1060 680; baseline 0.002 -15"><span class='ocrx_word' id='word_1_30' title='bbox 114 626 183 665; x_wconf 78' lang='lat' dir='ltr'>caret</span> <span class='ocrx_word' id='word_1_31' title='bbox 196 619 268 665; x_wconf 81' lang='lat' dir='ltr'>servit</span> <span class='ocrx_word' id='word_1_32' title='bbox 281 618 349 665; x_wconf 79' lang='lat' dir='ltr'>diviti</span> <span class='ocrx_word' id='word_1_33' title='bbox 365 618 434 663; x_wconf 88' lang='lat' dir='ltr'>alicui</span> <span class='ocrx_word' id='word_1_34' title='bbox 450 625 474 664; x_wconf 88' lang='lat' dir='ltr'>et</span> <span class='ocrx_word' id='word_1_35' title='bbox 489 620 587 678; x_wconf 89' lang='lat' dir='ltr'>potenti,</span> <span class='ocrx_word' id='word_1_36' title='bbox 603 625 728 679; x_wconf 83' lang='lat' dir='ltr'>propterca</span> <span class='ocrx_word' id='word_1_37' title='bbox 745 620 808 678; x_wconf 85' lang='lat' dir='ltr'>quod</span> <span class='ocrx_word' id='word_1_38' title='bbox 819 621 940 680; x_wconf 77' lang='lat' dir='ltr'>improbas,</span> <span class='ocrx_word' id='word_1_39' title='bbox 957 620 1002 667; x_wconf 86' lang='lat' dir='ltr'>boc</span> <span class='ocrx_word' id='word_1_40' title='bbox 1016 628 1060 676; x_wconf 86' lang='lat' dir='ltr'>est,</span> 
     </span>
     <span class='ocr_line' id='line_1_6' title="bbox 114 683 1063 742; baseline 0.002 -13"><span class='ocrx_word' id='word_1_41' title='bbox 114 683 266 738; x_wconf 82' lang='lat' dir='ltr'>immodicus,</span> <span class='ocrx_word' id='word_1_42' title='bbox 290 684 466 742; x_wconf 87' lang='lat' dir='ltr'>intemperatus,</span> <span class='ocrx_word' id='word_1_43' title='bbox 490 684 534 729; x_wconf 77' lang='lat' dir='ltr'>sub</span> <span class='ocrx_word' id='word_1_44' title='bbox 551 692 614 729; x_wconf 86' lang='lat' dir='ltr'>sorte</span> <span class='ocrx_word' id='word_1_45' title='bbox 633 697 756 742; x_wconf 88' lang='lat' dir='ltr'>nunquam</span> <span class='ocrx_word' id='word_1_46' title='bbox 777 692 902 731; x_wconf 87' lang='lat' dir='ltr'>contentus</span> <span class='ocrx_word' id='word_1_47' title='bbox 923 693 966 739; x_wconf 83' lang='lat' dir='ltr'>est,</span> <span class='ocrx_word' id='word_1_48' title='bbox 989 685 1063 731; x_wconf 86' lang='lat' dir='ltr'>nimia</span> 
     </span>
     <span class='ocr_line' id='line_1_7' title="bbox 115 743 1063 810; baseline 0.003 -17"><span class='ocrx_word' id='word_1_49' title='bbox 115 761 212 808; x_wconf 85' lang='lat' dir='ltr'>semper</span> <span class='ocrx_word' id='word_1_50' title='bbox 230 756 255 794; x_wconf 84' lang='lat' dir='ltr'>et</span> <span class='ocrx_word' id='word_1_51' title='bbox 271 756 337 793; x_wconf 80' lang='lat' dir='ltr'>vasta</span> <span class='ocrx_word' id='word_1_52' title='bbox 354 746 499 807; x_wconf 87' lang='lat' dir='ltr'>appetit.’-</span> <span class='ocrx_word' id='word_1_53' title='bbox 511 743 589 810; x_wconf 83' lang='lat' dir='ltr'>[oiim]</span> <span class='ocrx_word' id='word_1_54' title='bbox 614 748 639 793; x_wconf 92' lang='lat' dir='ltr'>in</span> <span class='ocrx_word' id='word_1_55' title='bbox 657 748 749 795; x_wconf 81' lang='lat' dir='ltr'>sabellis</span> <span class='ocrx_word' id='word_1_56' title='bbox 763 758 786 797; x_wconf 85' lang='lat' dir='ltr'>et</span> <span class='ocrx_word' id='word_1_57' title='bbox 800 750 927 810; x_wconf 82' lang='lat' dir='ltr'>exemplis:</span> <span class='ocrx_word' id='word_1_58' title='bbox 945 751 987 797; x_wconf 85' lang='lat' dir='ltr'>‘ut</span> <span class='ocrx_word' id='word_1_59' title='bbox 1004 752 1063 796; x_wconf 86' lang='lat' dir='ltr'>solet</span> 
     </span>
     <span class='ocr_line' id='line_1_8' title="bbox 114 812 1063 874; baseline 0.002 -15"><span class='ocrx_word' id='word_1_60' title='bbox 114 812 170 859; x_wconf 77' lang='grc'><strong>6661</strong></span> <span class='ocrx_word' id='word_1_61' title='bbox 189 813 214 859; x_wconf 88' lang='grc'>16</span> <span class='ocrx_word' id='word_1_62' title='bbox 233 814 319 872; x_wconf 85' lang='grc'><strong>661666,</strong></span> <span class='ocrx_word' id='word_1_63' title='bbox 335 813 376 872; x_wconf 86' lang='lat' dir='ltr'>qui</span> <span class='ocrx_word' id='word_1_64' title='bbox 393 812 412 857; x_wconf 86' lang='lat' dir='ltr'>ai</span> <span class='ocrx_word' id='word_1_65' title='bbox 429 814 504 872; x_wconf 81' lang='lat' dir='ltr'>major</span> <span class='ocrx_word' id='word_1_66' title='bbox 520 814 580 872; x_wconf 83' lang='lat' dir='ltr'>pede</span> <span class='ocrx_word' id='word_1_67' title='bbox 597 821 641 869; x_wconf 86' lang='lat' dir='ltr'>eat,</span> <span class='ocrx_word' id='word_1_68' title='bbox 657 812 721 867; x_wconf 85' lang='lat' dir='ltr'>iacit,</span> <span class='ocrx_word' id='word_1_69' title='bbox 742 822 768 859; x_wconf 92' lang='lat' dir='ltr'>ut</span> <span class='ocrx_word' id='word_1_70' title='bbox 784 814 852 861; x_wconf 85' lang='lat' dir='ltr'>irumi</span> <span class='ocrx_word' id='word_1_71' title='bbox 870 816 1026 874; x_wconf 75' lang='lat' dir='ltr'><strong>prolabamur,</strong></span> <span class='ocrx_word' id='word_1_72' title='bbox 1043 816 1063 861; x_wconf 90' lang='lat' dir='ltr'>si</span> 
     </span>
     <span class='ocr_line' id='line_1_9' title="bbox 114 877 1064 937; baseline 0.003 -14"><span class='ocrx_word' id='word_1_73' title='bbox 114 877 204 932; x_wconf 86' lang='lat' dir='ltr'>minor,</span> <span class='ocrx_word' id='word_1_74' title='bbox 224 878 309 936; x_wconf 79' lang='lat' dir='ltr'>pedem</span> <span class='ocrx_word' id='word_1_75' title='bbox 326 877 464 937; x_wconf 72' lang='lat' dir='ltr'>constringit</span> <span class='ocrx_word' id='word_1_76' title='bbox 479 884 503 923; x_wconf 88' lang='lat' dir='ltr'>et</span> <span class='ocrx_word' id='word_1_77' title='bbox 519 878 598 923; x_wconf 87' lang='lat' dir='ltr'>dolore</span> <span class='ocrx_word' id='word_1_78' title='bbox 615 892 658 923; x_wconf 87' lang='lat' dir='ltr'>nos</span> <span class='ocrx_word' id='word_1_79' title='bbox 674 877 761 925; x_wconf 74' lang='lat' dir='ltr'>affint’</span> <span class='ocrx_word' id='word_1_80' title='bbox 798 880 855 926; x_wconf 84' lang='lat' dir='ltr'>Uret</span> <span class='ocrx_word' id='word_1_81' title='bbox 869 888 949 926; x_wconf 87' lang='lat' dir='ltr'>autern</span> <span class='ocrx_word' id='word_1_82' title='bbox 963 889 1064 935; x_wconf 83' lang='lat' dir='ltr'>rectum,</span> 
     </span>
     <span class='ocr_line' id='line_1_10' title="bbox 115 939 1064 1002; baseline 0.004 -13"><span class='ocrx_word' id='word_1_83' title='bbox 115 956 167 989; x_wconf 91' lang='grc'>666</span> <span class='ocrx_word' id='word_1_84' title='bbox 186 939 303 1001; x_wconf 70' lang='lat' dir='ltr'>glossema</span> <span class='ocrx_word' id='word_1_85' title='bbox 320 948 394 1002; x_wconf 80' lang='lat' dir='ltr'>urget.</span> <span class='ocrx_word' id='word_1_86' title='bbox 429 943 533 1002; x_wconf 89' lang='lat' dir='ltr'>Propert.</span> <span class='ocrx_word' id='word_1_87' title='bbox 551 942 574 998; x_wconf 88' lang='grc'>4,</span> <span class='ocrx_word' id='word_1_88' title='bbox 592 942 617 996; x_wconf 82' lang='grc'>3,</span> <span class='ocrx_word' id='word_1_89' title='bbox 633 942 672 995; x_wconf 75' lang='lat' dir='ltr'>ts,</span> <span class='ocrx_word' id='word_1_90' title='bbox 696 943 818 1000; x_wconf 75' lang='lat' dir='ltr'>Diomibt&#39;,</span> <span class='ocrx_word' id='word_1_91' title='bbox 842 960 894 992; x_wconf 82' lang='lat' dir='ltr'>sam</span> <span class='ocrx_word' id='word_1_92' title='bbox 912 951 999 993; x_wconf 80' lang='lat' dir='ltr'>teneros</span> <span class='ocrx_word' id='word_1_93' title='bbox 1016 948 1064 993; x_wconf 84' lang='lat' dir='ltr'>urit</span> 
     </span>
     <span class='ocr_line' id='line_1_11' title="bbox 115 1006 1063 1069; baseline 0.001 -16"><span class='ocrx_word' id='word_1_94' title='bbox 115 1008 192 1053; x_wconf 73' lang='lat' dir='ltr'>torisa</span> <span class='ocrx_word' id='word_1_95' title='bbox 212 1008 329 1054; x_wconf 75' lang='lat' dir='ltr'>lacertos?</span> <span class='ocrx_word' id='word_1_96' title='bbox 363 1008 473 1054; x_wconf 83' lang='lat' dir='ltr'>Ceterum</span> <span class='ocrx_word' id='word_1_97' title='bbox 494 1006 622 1053; x_wconf 81' lang='lat' dir='ltr'><strong>admodum</strong></span> <span class='ocrx_word' id='word_1_98' title='bbox 644 1007 754 1067; x_wconf 72' lang='lat' dir='ltr'>frequens</span> <span class='ocrx_word' id='word_1_99' title='bbox 772 1017 809 1054; x_wconf 85' lang='lat' dir='ltr'>est</span> <span class='ocrx_word' id='word_1_100' title='bbox 828 1010 892 1068; x_wconf 87' lang='lat' dir='ltr'>apud</span> <span class='ocrx_word' id='word_1_101' title='bbox 912 1008 1063 1069; x_wconf 85' lang='lat' dir='ltr'>philosophos</span> 
     </span>
     <span class='ocr_line' id='line_1_12' title="bbox 115 1066 1063 1135; baseline 0.006 -19"><span class='ocrx_word' id='word_1_102' title='bbox 115 1072 170 1117; x_wconf 78' lang='grc'><strong>1666</strong></span> <span class='ocrx_word' id='word_1_103' title='bbox 186 1072 336 1131; x_wconf 81' lang='lat' dir='ltr'>comparatio.</span> <span class='ocrx_word' id='word_1_104' title='bbox 365 1071 461 1117; x_wconf 85' lang='lat' dir='ltr'>Lucian.</span> <span class='ocrx_word' id='word_1_105' title='bbox 475 1071 519 1117; x_wconf 86' lang='lat' dir='ltr'>Pro</span> <span class='ocrx_word' id='word_1_106' title='bbox 531 1071 623 1131; x_wconf 78' lang='lat' dir='ltr'>lmagg.</span> <span class='ocrx_word' id='word_1_107' title='bbox 636 1070 672 1126; x_wconf 90' lang='grc'>16,</span> <span class='ocrx_word' id='word_1_108' title='bbox 689 1071 724 1134; x_wconf 77' lang='grc' dir='ltr'><em>μή</em></span> <span class='ocrx_word' id='word_1_109' title='bbox 741 1066 804 1135; x_wconf 75' lang='grc' dir='ltr'>ὑπὲρ</span> <span class='ocrx_word' id='word_1_110' title='bbox 819 1071 866 1119; x_wconf 76' lang='grc' dir='ltr'>τὸν</span> <span class='ocrx_word' id='word_1_111' title='bbox 877 1069 945 1120; x_wconf 75' lang='grc' dir='ltr'>πόδα</span> <span class='ocrx_word' id='word_1_112' title='bbox 959 1071 1022 1122; x_wconf 72' lang='grc' dir='ltr'>ἔστω</span> <span class='ocrx_word' id='word_1_113' title='bbox 1034 1073 1063 1123; x_wconf 79' lang='grc' dir='ltr'>τὸ</span> 
     </span>
     <span class='ocr_line' id='line_1_13' title="bbox 116 1132 967 1199; baseline 0.002 -16"><span class='ocrx_word' id='word_1_114' title='bbox 116 1132 246 1197; x_wconf 75' lang='grc' dir='ltr'>ὑπόδημα,</span> <span class='ocrx_word' id='word_1_115' title='bbox 257 1134 293 1197; x_wconf 81' lang='grc' dir='ltr'>μὴ</span> <span class='ocrx_word' id='word_1_116' title='bbox 304 1133 346 1183; x_wconf 78' lang='grc'>661</span> <span class='ocrx_word' id='word_1_117' title='bbox 356 1133 506 1197; x_wconf 71' lang='grc' dir='ltr'><strong><em>ἐπιστομίσῃ</em></strong></span> <span class='ocrx_word' id='word_1_118' title='bbox 516 1149 553 1197; x_wconf 78' lang='grc' dir='ltr'>με,</span> <span class='ocrx_word' id='word_1_119' title='bbox 564 1135 649 1197; x_wconf 75' lang='grc' dir='ltr'><strong>φησίν,</strong></span> <span class='ocrx_word' id='word_1_120' title='bbox 658 1133 881 1199; x_wconf 75' lang='grc' dir='ltr'>ἐμπεριπατοῦσαν</span> <span class='ocrx_word' id='word_1_121' title='bbox 890 1134 967 1199; x_wconf 68' lang='grc' dir='ltr'><strong>αὐτῷ.</strong></span> 
     </span>
    </p>

    <p class='ocr_par' dir='ltr' id='par_1_3' title="bbox 150 1197 735 1261">
     <span class='ocr_line' id='line_1_14' title="bbox 150 1197 735 1261; baseline 0.003 -14"><span class='ocrx_word' id='word_1_122' title='bbox 150 1200 191 1247; x_wconf 85' lang='grc'>46.</span> <span class='ocrx_word' id='word_1_123' title='bbox 210 1197 322 1261; x_wconf 80' lang='lat' dir='ltr'>[Cogere]</span> <span class='ocrx_word' id='word_1_124' title='bbox 340 1201 386 1247; x_wconf 85' lang='lat' dir='ltr'>h.i.</span> <span class='ocrx_word' id='word_1_125' title='bbox 400 1203 547 1259; x_wconf 57' lang='lat' dir='ltr'>‘congerere</span> <span class='ocrx_word' id='word_1_126' title='bbox 558 1202 710 1249; x_wconf 66' lang='lat' dir='ltr'>coacervare’</span> <span class='ocrx_word' id='word_1_127' title='bbox 728 1248 735 1259; x_wconf 57' lang='lat'><em>„</em></span> 
     </span>
    </p>

    <p class='ocr_par' dir='ltr' id='par_1_4' title="bbox 113 1260 1065 1708">
     <span class='ocr_line' id='line_1_15' title="bbox 151 1260 1065 1327; baseline 0.003 -16"><span class='ocrx_word' id='word_1_128' title='bbox 151 1266 190 1320; x_wconf 89' lang='grc'>47.</span> <span class='ocrx_word' id='word_1_129' title='bbox 221 1263 334 1326; x_wconf 77' lang='lat' dir='ltr'>[Imperat</span> <span class='ocrx_word' id='word_1_130' title='bbox 351 1260 485 1327; x_wconf 72' lang='lat' dir='ltr'>attremit]</span> <span class='ocrx_word' id='word_1_131' title='bbox 510 1266 599 1311; x_wconf 82' lang='lat' dir='ltr'>‘Prout</span> <span class='ocrx_word' id='word_1_132' title='bbox 613 1280 732 1326; x_wconf 86' lang='lat' dir='ltr'>possessor</span> <span class='ocrx_word' id='word_1_133' title='bbox 745 1273 797 1312; x_wconf 78' lang='lat' dir='ltr'>est:</span> <span class='ocrx_word' id='word_1_134' title='bbox 813 1267 832 1313; x_wconf 87' lang='lat' dir='ltr'>si</span> <span class='ocrx_word' id='word_1_135' title='bbox 847 1265 948 1326; x_wconf 85' lang='lat' dir='ltr'>sapiens,</span> <span class='ocrx_word' id='word_1_136' title='bbox 963 1268 1065 1327; x_wconf 84' lang='lat' dir='ltr'>pecunia</span> 
     </span>
     <span class='ocr_line' id='line_1_16' title="bbox 115 1329 1064 1391; baseline 0.005 -16"><span class='ocrx_word' id='word_1_137' title='bbox 115 1337 188 1390; x_wconf 81' lang='lat' dir='ltr'>parta</span> <span class='ocrx_word' id='word_1_138' title='bbox 197 1331 295 1377; x_wconf 82' lang='lat' dir='ltr'>inservit</span> <span class='ocrx_word' id='word_1_139' title='bbox 306 1331 360 1377; x_wconf 80' lang='lat' dir='ltr'>vitae</span> <span class='ocrx_word' id='word_1_140' title='bbox 371 1329 590 1385; x_wconf 79' lang='lat' dir='ltr'>necessitudinibus,</span> <span class='ocrx_word' id='word_1_141' title='bbox 607 1331 705 1376; x_wconf 87' lang='lat' dir='ltr'>utilibus</span> <span class='ocrx_word' id='word_1_142' title='bbox 716 1331 824 1391; x_wconf 87' lang='lat' dir='ltr'>inceptis,</span> <span class='ocrx_word' id='word_1_143' title='bbox 835 1331 955 1378; x_wconf 79' lang='lat' dir='ltr'>beneflciis</span> <span class='ocrx_word' id='word_1_144' title='bbox 965 1332 991 1377; x_wconf 88' lang='lat' dir='ltr'>in</span> <span class='ocrx_word' id='word_1_145' title='bbox 1005 1331 1064 1381; x_wconf 85' lang='grc'><strong>61166</strong></span> 
     </span>
     <span class='ocr_line' id='line_1_17' title="bbox 115 1394 1063 1456; baseline 0 -13"><span class='ocrx_word' id='word_1_146' title='bbox 115 1394 282 1449; x_wconf 79' lang='grc'><strong>66616666616;</strong></span> <span class='ocrx_word' id='word_1_147' title='bbox 299 1395 318 1441; x_wconf 87' lang='lat' dir='ltr'>si</span> <span class='ocrx_word' id='word_1_148' title='bbox 329 1396 422 1451; x_wconf 83' lang='lat' dir='ltr'>stultus,</span> <span class='ocrx_word' id='word_1_149' title='bbox 441 1395 463 1442; x_wconf 89' lang='lat' dir='ltr'>ei</span> <span class='ocrx_word' id='word_1_150' title='bbox 477 1394 585 1455; x_wconf 83' lang='lat' dir='ltr'>impetat,</span> <span class='ocrx_word' id='word_1_151' title='bbox 602 1403 630 1441; x_wconf 91' lang='lat' dir='ltr'>ut</span> <span class='ocrx_word' id='word_1_152' title='bbox 644 1395 753 1441; x_wconf 90' lang='lat' dir='ltr'>dominus</span> <span class='ocrx_word' id='word_1_153' title='bbox 767 1410 842 1452; x_wconf 83' lang='lat' dir='ltr'>servo,</span> <span class='ocrx_word' id='word_1_154' title='bbox 860 1396 893 1443; x_wconf 91' lang='lat' dir='ltr'>ita</span> <span class='ocrx_word' id='word_1_155' title='bbox 905 1405 938 1452; x_wconf 88' lang='lat' dir='ltr'>ut,</span> <span class='ocrx_word' id='word_1_156' title='bbox 956 1398 1063 1456; x_wconf 80' lang='lat' dir='ltr'>quamvis</span> 
     </span>
     <span class='ocr_line' id='line_1_18' title="bbox 116 1461 1063 1521; baseline 0.002 -15"><span class='ocrx_word' id='word_1_157' title='bbox 116 1461 147 1506; x_wconf 73' lang='lat' dir='ltr'>et</span> <span class='ocrx_word' id='word_1_158' title='bbox 169 1462 203 1505; x_wconf 93' lang='lat' dir='ltr'>uti</span> <span class='ocrx_word' id='word_1_159' title='bbox 223 1470 333 1520; x_wconf 82' lang='lat' dir='ltr'>nequeat,</span> <span class='ocrx_word' id='word_1_160' title='bbox 352 1468 431 1506; x_wconf 87' lang='lat' dir='ltr'>tamen</span> <span class='ocrx_word' id='word_1_161' title='bbox 449 1461 499 1519; x_wconf 89' lang='lat' dir='ltr'>ejus</span> <span class='ocrx_word' id='word_1_162' title='bbox 518 1473 611 1520; x_wconf 83' lang='lat' dir='ltr'>semper</span> <span class='ocrx_word' id='word_1_163' title='bbox 628 1462 743 1519; x_wconf 69' lang='lat' dir='ltr'>augenda</span> <span class='ocrx_word' id='word_1_164' title='bbox 760 1462 831 1507; x_wconf 72' lang='lat' dir='ltr'>causi</span> <span class='ocrx_word' id='word_1_165' title='bbox 848 1461 970 1521; x_wconf 81' lang='lat' dir='ltr'>quidlibet,</span> <span class='ocrx_word' id='word_1_166' title='bbox 991 1462 1063 1509; x_wconf 87' lang='lat' dir='ltr'>etiam</span> 
     </span>
     <span class='ocr_line' id='line_1_19' title="bbox 115 1524 1063 1586; baseline 0.003 -16"><span class='ocrx_word' id='word_1_167' title='bbox 115 1524 294 1585; x_wconf 85' lang='lat' dir='ltr'>perversissima</span> <span class='ocrx_word' id='word_1_168' title='bbox 312 1538 420 1584; x_wconf 81' lang='lat' dir='ltr'>quaeque,</span> <span class='ocrx_word' id='word_1_169' title='bbox 437 1524 463 1570; x_wconf 90' lang='lat' dir='ltr'>in</span> <span class='ocrx_word' id='word_1_170' title='bbox 478 1539 504 1571; x_wconf 88' lang='lat' dir='ltr'>se</span> <span class='ocrx_word' id='word_1_171' title='bbox 519 1526 637 1584; x_wconf 72' lang='lat' dir='ltr'>suscipere</span> <span class='ocrx_word' id='word_1_172' title='bbox 647 1525 770 1585; x_wconf 85' lang='lat' dir='ltr'>multoque</span> <span class='ocrx_word' id='word_1_173' title='bbox 787 1540 840 1573; x_wconf 88' lang='lat' dir='ltr'>corn</span> <span class='ocrx_word' id='word_1_174' title='bbox 858 1527 937 1572; x_wconf 89' lang='lat' dir='ltr'>labore</span> <span class='ocrx_word' id='word_1_175' title='bbox 952 1527 1063 1586; x_wconf 89' lang='lat' dir='ltr'>periioete</span> 
     </span>
     <span class='ocr_line' id='line_1_20' title="bbox 115 1589 1065 1650; baseline 0.003 -15"><span class='ocrx_word' id='word_1_176' title='bbox 115 1589 233 1649; x_wconf 71' lang='lat' dir='ltr'>cogatur!</span> <span class='ocrx_word' id='word_1_177' title='bbox 264 1590 385 1649; x_wconf 74' lang='lat' dir='ltr'>Frequens</span> <span class='ocrx_word' id='word_1_178' title='bbox 399 1589 528 1635; x_wconf 81' lang='lat' dir='ltr'>sententia:</span> <span class='ocrx_word' id='word_1_179' title='bbox 546 1589 644 1637; x_wconf 80' lang='lat' dir='ltr'>Publius</span> <span class='ocrx_word' id='word_1_180' title='bbox 656 1590 729 1650; x_wconf 83' lang='lat' dir='ltr'>Syrus</span> <span class='ocrx_word' id='word_1_181' title='bbox 743 1590 799 1646; x_wconf 85' lang='grc'><strong>996,</strong></span> <span class='ocrx_word' id='word_1_182' title='bbox 815 1592 918 1639; x_wconf 57' lang='lat' dir='ltr'>Pseudo</span> <span class='ocrx_word' id='word_1_183' title='bbox 927 1594 1065 1648; x_wconf 78' lang='grc'><strong>6616661116,</strong></span> 
     </span>
     <span class='ocr_line' id='line_1_21' title="bbox 113 1655 451 1708; baseline 0.003 -8"><span class='ocrx_word' id='word_1_184' title='bbox 113 1656 138 1704; x_wconf 83' lang='grc'>61</span> <span class='ocrx_word' id='word_1_185' title='bbox 148 1656 195 1701; x_wconf 83' lang='grc'><strong>6616</strong></span> <span class='ocrx_word' id='word_1_186' title='bbox 205 1655 252 1707; x_wconf 83' lang='lat' dir='ltr'>uti,·</span> <span class='ocrx_word' id='word_1_187' title='bbox 267 1656 288 1701; x_wconf 82' lang='lat' dir='ltr'>ai</span> <span class='ocrx_word' id='word_1_188' title='bbox 300 1656 380 1708; x_wconf 79' lang='grc'><strong>666616,</strong></span> <span class='ocrx_word' id='word_1_189' title='bbox 390 1658 451 1701; x_wconf 82' lang='lat' dir='ltr'>itera.</span> 
     </span>
    </p>

    <p class='ocr_par' dir='ltr' id='par_1_5' title="bbox 116 1716 1065 2233">
     <span class='ocr_line' id='line_1_22' title="bbox 151 1716 1065 1780; baseline 0.005 -15"><span class='ocrx_word' id='word_1_190' title='bbox 151 1718 191 1765; x_wconf 79' lang='grc'>46.</span> <span class='ocrx_word' id='word_1_191' title='bbox 220 1716 341 1780; x_wconf 78' lang='lat' dir='ltr'>[Turtam]</span> <span class='ocrx_word' id='word_1_192' title='bbox 378 1718 501 1765; x_wconf 84' lang='lat' dir='ltr'>Sententia</span> <span class='ocrx_word' id='word_1_193' title='bbox 520 1732 564 1779; x_wconf 85' lang='lat' dir='ltr'>pet</span> <span class='ocrx_word' id='word_1_194' title='bbox 584 1732 609 1766; x_wconf 89' lang='lat' dir='ltr'>se</span> <span class='ocrx_word' id='word_1_195' title='bbox 628 1719 704 1765; x_wconf 82' lang='lat' dir='ltr'>cirta:</span> <span class='ocrx_word' id='word_1_196' title='bbox 730 1718 858 1767; x_wconf 75' lang='lat' dir='ltr'>‘Pecunia</span> <span class='ocrx_word' id='word_1_197' title='bbox 877 1720 948 1767; x_wconf 81' lang='lat' dir='ltr'>debet</span> <span class='ocrx_word' id='word_1_198' title='bbox 964 1736 1016 1769; x_wconf 87' lang='lat' dir='ltr'>essa</span> <span class='ocrx_word' id='word_1_199' title='bbox 1036 1736 1065 1770; x_wconf 85' lang='lat' dir='ltr'>ea</span> 
     </span>
     <span class='ocr_line' id='line_1_23' title="bbox 116 1783 1064 1847; baseline 0.005 -18"><span class='ocrx_word' id='word_1_200' title='bbox 116 1783 243 1839; x_wconf 72' lang='lat' dir='ltr'>machina,</span> <span class='ocrx_word' id='word_1_201' title='bbox 271 1792 299 1830; x_wconf 91' lang='lat' dir='ltr'>ut</span> <span class='ocrx_word' id='word_1_202' title='bbox 319 1786 352 1831; x_wconf 85' lang='lat' dir='ltr'>ita</span> <span class='ocrx_word' id='word_1_203' title='bbox 373 1784 458 1839; x_wconf 85' lang='lat' dir='ltr'>dicam,</span> <span class='ocrx_word' id='word_1_204' title='bbox 486 1783 562 1831; x_wconf 83' lang='lat' dir='ltr'>vitalia</span> <span class='ocrx_word' id='word_1_205' title='bbox 584 1798 646 1844; x_wconf 86' lang='lat' dir='ltr'>pars,</span> <span class='ocrx_word' id='word_1_206' title='bbox 669 1799 722 1844; x_wconf 82' lang='lat' dir='ltr'>quas</span> <span class='ocrx_word' id='word_1_207' title='bbox 743 1792 858 1839; x_wconf 83' lang='lat' dir='ltr'>moretur,</span> <span class='ocrx_word' id='word_1_208' title='bbox 881 1799 928 1833; x_wconf 91' lang='grc'>666</span> <span class='ocrx_word' id='word_1_209' title='bbox 949 1800 987 1842; x_wconf 84' lang='lat' dir='ltr'>es,</span> <span class='ocrx_word' id='word_1_210' title='bbox 1010 1802 1064 1847; x_wconf 75' lang='lat' dir='ltr'>quta</span> 
     </span>
     <span class='ocr_line' id='line_1_24' title="bbox 116 1848 1063 1910; baseline 0.002 -13"><span class='ocrx_word' id='word_1_211' title='bbox 116 1856 198 1897; x_wconf 75' lang='lat' dir='ltr'>motet</span> <span class='ocrx_word' id='word_1_212' title='bbox 208 1848 222 1902; x_wconf 88' lang='lat'>;¹</span> <span class='ocrx_word' id='word_1_213' title='bbox 240 1848 391 1895; x_wconf 78' lang='lat' dir='ltr'>‘ordinatrix</span> <span class='ocrx_word' id='word_1_214' title='bbox 410 1856 434 1894; x_wconf 89' lang='lat' dir='ltr'>et</span> <span class='ocrx_word' id='word_1_215' title='bbox 456 1849 614 1909; x_wconf 71' lang='lat' dir='ltr'>dispensatrix</span> <span class='ocrx_word' id='word_1_216' title='bbox 632 1856 684 1895; x_wconf 85' lang='lat' dir='ltr'>esto</span> <span class='ocrx_word' id='word_1_217' title='bbox 700 1864 767 1897; x_wconf 85' lang='lat' dir='ltr'>mena</span> <span class='ocrx_word' id='word_1_218' title='bbox 785 1849 897 1908; x_wconf 83' lang='lat' dir='ltr'>sapientis</span> <span class='ocrx_word' id='word_1_219' title='bbox 915 1852 1063 1910; x_wconf 81' lang='lat' dir='ltr'>possessoris,</span> 
     </span>
     <span class='ocr_line' id='line_1_25' title="bbox 116 1913 1064 1974; baseline 0.003 -14"><span class='ocrx_word' id='word_1_220' title='bbox 116 1913 222 1973; x_wconf 76' lang='lat' dir='ltr'>pemsnis</span> <span class='ocrx_word' id='word_1_221' title='bbox 232 1915 349 1968; x_wconf 84' lang='lat' dir='ltr'>materies,</span> <span class='ocrx_word' id='word_1_222' title='bbox 367 1914 415 1973; x_wconf 70' lang='lat' dir='ltr'>qui</span> <span class='ocrx_word' id='word_1_223' title='bbox 425 1928 468 1974; x_wconf 88' lang='lat' dir='ltr'>pro</span> <span class='ocrx_word' id='word_1_224' title='bbox 483 1914 527 1959; x_wconf 78' lang='lat' dir='ltr'>sui</span> <span class='ocrx_word' id='word_1_225' title='bbox 536 1914 656 1961; x_wconf 86' lang='lat' dir='ltr'>voluntate</span> <span class='ocrx_word' id='word_1_226' title='bbox 667 1922 738 1973; x_wconf 82' lang='lat' dir='ltr'>atque</span> <span class='ocrx_word' id='word_1_227' title='bbox 749 1914 907 1974; x_wconf 71' lang='lat' dir='ltr'>intelligentia</span> <span class='ocrx_word' id='word_1_228' title='bbox 917 1916 958 1963; x_wconf 85' lang='lat' dir='ltr'>iile</span> <span class='ocrx_word' id='word_1_229' title='bbox 969 1917 1064 1963; x_wconf 67' lang='lat' dir='ltr'>utatur!</span> 
     </span>
     <span class='ocr_line' id='line_1_26' title="bbox 117 1975 1065 2039; baseline 0.004 -16"><span class='ocrx_word' id='word_1_230' title='bbox 117 1978 148 2025; x_wconf 87' lang='lat' dir='ltr'>V.</span> <span class='ocrx_word' id='word_1_231' title='bbox 168 1984 241 2025; x_wconf 77' lang='lat' dir='ltr'>tortas</span> <span class='ocrx_word' id='word_1_232' title='bbox 262 1975 381 2026; x_wconf 61' lang='grc'><strong>16166666</strong></span> <span class='ocrx_word' id='word_1_233' title='bbox 403 1978 495 2025; x_wconf 83' lang='lat' dir='ltr'>sunium</span> <span class='ocrx_word' id='word_1_234' title='bbox 514 1986 538 2023; x_wconf 88' lang='lat' dir='ltr'>et</span> <span class='ocrx_word' id='word_1_235' title='bbox 557 1979 683 2025; x_wconf 75' lang='lat' dir='ltr'>rubentum</span> <span class='ocrx_word' id='word_1_236' title='bbox 704 1987 844 2039; x_wconf 85' lang='lat' dir='ltr'>perpetuum</span> <span class='ocrx_word' id='word_1_237' title='bbox 863 1994 915 2026; x_wconf 86' lang='lat' dir='ltr'>ease</span> <span class='ocrx_word' id='word_1_238' title='bbox 931 1989 1065 2029; x_wconf 84' lang='lat' dir='ltr'>monstrant</span> 
     </span>
     <span class='ocr_line' id='line_1_27' title="bbox 118 2042 1064 2102; baseline 0.007 -14"><span class='ocrx_word' id='word_1_239' title='bbox 118 2043 266 2102; x_wconf 68' lang='lat' dir='ltr'>interpretes</span> <span class='ocrx_word' id='word_1_240' title='bbox 281 2059 311 2090; x_wconf 88' lang='lat' dir='ltr'>ex</span> <span class='ocrx_word' id='word_1_241' title='bbox 324 2044 387 2102; x_wconf 70' lang='lat' dir='ltr'>Virg.</span> <span class='ocrx_word' id='word_1_242' title='bbox 401 2043 456 2091; x_wconf 80' lang='lat' dir='ltr'>AEn.</span> <span class='ocrx_word' id='word_1_243' title='bbox 472 2045 496 2099; x_wconf 88' lang='grc'>4,</span> <span class='ocrx_word' id='word_1_244' title='bbox 508 2042 563 2098; x_wconf 70' lang='grc'><strong>666.</strong></span> <span class='ocrx_word' id='word_1_245' title='bbox 591 2044 661 2089; x_wconf 82' lang='lat' dir='ltr'>ovid.</span> <span class='ocrx_word' id='word_1_246' title='bbox 674 2044 769 2101; x_wconf 66' lang='lat' dir='ltr'>itata</span> <span class='ocrx_word' id='word_1_247' title='bbox 786 2045 841 2099; x_wconf 69' lang='lat'>619.</span> <span class='ocrx_word' id='word_1_248' title='bbox 860 2046 945 2092; x_wconf 75' lang='lat' dir='ltr'>Catuli</span> <span class='ocrx_word' id='word_1_249' title='bbox 957 2045 996 2100; x_wconf 85' lang='grc'>64,</span> <span class='ocrx_word' id='word_1_250' title='bbox 1008 2046 1064 2095; x_wconf 77' lang='grc'><strong>236.</strong></span> 
     </span>
     <span class='ocr_line' id='line_1_28' title="bbox 118 2107 1064 2167; baseline 0.003 -14"><span class='ocrx_word' id='word_1_251' title='bbox 118 2108 185 2155; x_wconf 89' lang='lat' dir='ltr'>Pera.</span> <span class='ocrx_word' id='word_1_252' title='bbox 195 2109 219 2163; x_wconf 89' lang='lat' dir='ltr'>b,</span> <span class='ocrx_word' id='word_1_253' title='bbox 233 2107 287 2163; x_wconf 85' lang='grc'><strong>146,</strong></span> <span class='ocrx_word' id='word_1_254' title='bbox 306 2110 369 2155; x_wconf 86' lang='lat' dir='ltr'>unde</span> <span class='ocrx_word' id='word_1_255' title='bbox 387 2109 478 2167; x_wconf 84' lang='lat' dir='ltr'>erpiioo</span> <span class='ocrx_word' id='word_1_256' title='bbox 497 2107 595 2157; x_wconf 83' lang='grc'><strong>661666</strong></span> <span class='ocrx_word' id='word_1_257' title='bbox 606 2109 713 2157; x_wconf 77' lang='lat' dir='ltr'>ductario</span> <span class='ocrx_word' id='word_1_258' title='bbox 727 2110 764 2156; x_wconf 84' lang='lat' dir='ltr'>sel</span> <span class='ocrx_word' id='word_1_259' title='bbox 779 2110 804 2157; x_wconf 87' lang='lat' dir='ltr'>in</span> <span class='ocrx_word' id='word_1_260' title='bbox 820 2110 935 2157; x_wconf 81' lang='lat' dir='ltr'>machinis</span> <span class='ocrx_word' id='word_1_261' title='bbox 949 2112 1064 2157; x_wconf 87' lang='lat' dir='ltr'>tractoriis</span> 
     </span>
     <span class='ocr_line' id='line_1_29' title="bbox 119 2169 598 2233; baseline 0.006 -16"><span class='ocrx_word' id='word_1_262' title='bbox 119 2170 227 2233; x_wconf 84' lang='lat' dir='ltr'>(Vitruv.</span> <span class='ocrx_word' id='word_1_263' title='bbox 241 2172 278 2226; x_wconf 87' lang='grc'>10,</span> <span class='ocrx_word' id='word_1_264' title='bbox 291 2174 307 2219; x_wconf 83' lang='grc'><strong>9</strong></span> <span class='ocrx_word' id='word_1_265' title='bbox 317 2182 341 2219; x_wconf 91' lang='lat' dir='ltr'>et</span> <span class='ocrx_word' id='word_1_266' title='bbox 352 2169 387 2232; x_wconf 89' lang='grc'>4)</span> <span class='ocrx_word' id='word_1_267' title='bbox 404 2174 441 2219; x_wconf 83' lang='lat' dir='ltr'>vel</span> <span class='ocrx_word' id='word_1_268' title='bbox 452 2174 477 2219; x_wconf 89' lang='lat' dir='ltr'>in</span> <span class='ocrx_word' id='word_1_269' title='bbox 488 2174 598 2221; x_wconf 84' lang='lat' dir='ltr'>remulco.</span> 
     </span>
    </p>

    <p class='ocr_par' dir='ltr' id='par_1_6' title="bbox 113 2236 1064 3011">
     <span class='ocr_line' id='line_1_30' title="bbox 151 2236 1063 2301; baseline 0 -16"><span class='ocrx_word' id='word_1_270' title='bbox 151 2237 245 2291; x_wconf 65' lang='lat' dir='ltr'>tatu</span> <span class='ocrx_word' id='word_1_271' title='bbox 271 2236 339 2301; x_wconf 81' lang='lat' dir='ltr'>[tibi]</span> <span class='ocrx_word' id='word_1_272' title='bbox 365 2238 415 2284; x_wconf 87' lang='lat' dir='ltr'>‘Ut</span> <span class='ocrx_word' id='word_1_273' title='bbox 426 2246 452 2285; x_wconf 86' lang='lat' dir='ltr'>tn</span> <span class='ocrx_word' id='word_1_274' title='bbox 464 2238 561 2298; x_wconf 76' lang='lat' dir='ltr'>legeres,</span> <span class='ocrx_word' id='word_1_275' title='bbox 578 2238 695 2286; x_wconf 83' lang='lat' dir='ltr'>dictabam</span> <span class='ocrx_word' id='word_1_276' title='bbox 711 2252 765 2285; x_wconf 77' lang='lat' dir='ltr'>meo</span> <span class='ocrx_word' id='word_1_277' title='bbox 782 2238 979 2298; x_wconf 84' lang='lat' dir='ltr'>pueroamanu’</span> <span class='ocrx_word' id='word_1_278' title='bbox 1013 2239 1063 2285; x_wconf 81' lang='lat' dir='ltr'>Im-</span> 
     </span>
     <span class='ocr_line' id='line_1_31' title="bbox 117 2302 1062 2363; baseline 0.002 -15"><span class='ocrx_word' id='word_1_279' title='bbox 117 2302 259 2362; x_wconf 76' lang='lat' dir='ltr'>perfectum,</span> <span class='ocrx_word' id='word_1_280' title='bbox 278 2312 304 2349; x_wconf 88' lang='lat' dir='ltr'>ut</span> <span class='ocrx_word' id='word_1_281' title='bbox 325 2304 350 2349; x_wconf 91' lang='lat' dir='ltr'>in</span> <span class='ocrx_word' id='word_1_282' title='bbox 372 2303 581 2363; x_wconf 85' lang='lat' dir='ltr'>subscriptionibus</span> <span class='ocrx_word' id='word_1_283' title='bbox 603 2303 773 2363; x_wconf 83' lang='lat' dir='ltr'>epistolarum:</span> <span class='ocrx_word' id='word_1_284' title='bbox 798 2304 847 2349; x_wconf 73' lang='lat' dir='ltr'>baa</span> <span class='ocrx_word' id='word_1_285' title='bbox 864 2305 996 2359; x_wconf 78' lang='lat' dir='ltr'>scribebam,</span> <span class='ocrx_word' id='word_1_286' title='bbox 1014 2303 1062 2361; x_wconf 69' lang='grc'>66,</span> 
     </span>
     <span class='ocr_line' id='line_1_32' title="bbox 116 2367 1063 2428; baseline 0 -15"><span class='ocrx_word' id='word_1_287' title='bbox 116 2376 226 2428; x_wconf 84' lang='lat' dir='ltr'>ternpore</span> <span class='ocrx_word' id='word_1_288' title='bbox 243 2369 317 2415; x_wconf 86' lang='lat' dir='ltr'>relato</span> <span class='ocrx_word' id='word_1_289' title='bbox 334 2368 364 2413; x_wconf 89' lang='lat' dir='ltr'>ad</span> <span class='ocrx_word' id='word_1_290' title='bbox 375 2368 434 2413; x_wconf 84' lang='lat' dir='ltr'>iliud</span> <span class='ocrx_word' id='word_1_291' title='bbox 447 2368 558 2427; x_wconf 84' lang='lat' dir='ltr'>temporis</span> <span class='ocrx_word' id='word_1_292' title='bbox 568 2377 692 2428; x_wconf 84' lang='lat' dir='ltr'>punctum,</span> <span class='ocrx_word' id='word_1_293' title='bbox 710 2381 764 2427; x_wconf 85' lang='lat' dir='ltr'>quo,</span> <span class='ocrx_word' id='word_1_294' title='bbox 780 2367 900 2413; x_wconf 72' lang='lat' dir='ltr'>cui&#39;rnissa</span> <span class='ocrx_word' id='word_1_295' title='bbox 911 2375 947 2413; x_wconf 85' lang='lat' dir='ltr'>est</span> <span class='ocrx_word' id='word_1_296' title='bbox 957 2369 1063 2428; x_wconf 83' lang='lat' dir='ltr'>epistota,</span> 
     </span>
     <span class='ocr_line' id='line_1_33' title="bbox 117 2428 1063 2497; baseline 0.001 -18"><span class='ocrx_word' id='word_1_297' title='bbox 117 2428 428 2493; x_wconf 66' lang='grc'><strong>666616666-[766666]</strong></span> <span class='ocrx_word' id='word_1_298' title='bbox 446 2432 575 2492; x_wconf 83' lang='lat' dir='ltr'>Vacunam,</span> <span class='ocrx_word' id='word_1_299' title='bbox 585 2433 707 2492; x_wconf 84' lang='lat' dir='ltr'>antiquam</span> <span class='ocrx_word' id='word_1_300' title='bbox 719 2431 859 2479; x_wconf 83' lang='lat' dir='ltr'>Sabinorum</span> <span class='ocrx_word' id='word_1_301' title='bbox 867 2432 947 2497; x_wconf 34' lang='grc'><strong>166666,</strong></span> <span class='ocrx_word' id='word_1_302' title='bbox 964 2448 1063 2494; x_wconf 82' lang='lat' dir='ltr'>respon·</span> 
     </span>
     <span class='ocr_line' id='line_1_34' title="bbox 116 2496 1062 2556; baseline 0.002 -13"><span class='ocrx_word' id='word_1_303' title='bbox 116 2496 182 2543; x_wconf 84' lang='lat' dir='ltr'>disse</span> <span class='ocrx_word' id='word_1_304' title='bbox 202 2497 363 2545; x_wconf 75' lang='lat' dir='ltr'>Romanorum</span> <span class='ocrx_word' id='word_1_305' title='bbox 380 2497 496 2551; x_wconf 78' lang='lat' dir='ltr'>Victoriae,</span> <span class='ocrx_word' id='word_1_306' title='bbox 514 2497 593 2556; x_wconf 83' lang='lat' dir='ltr'>itaque</span> <span class='ocrx_word' id='word_1_307' title='bbox 609 2497 712 2543; x_wconf 81' lang='lat' dir='ltr'>radicem</span> <span class='ocrx_word' id='word_1_308' title='bbox 728 2508 777 2543; x_wconf 77' lang='lat' dir='ltr'>vac</span> <span class='ocrx_word' id='word_1_309' title='bbox 796 2498 894 2543; x_wconf 87' lang='lat' dir='ltr'>eandem</span> <span class='ocrx_word' id='word_1_310' title='bbox 909 2511 961 2544; x_wconf 83' lang='lat' dir='ltr'>esse</span> <span class='ocrx_word' id='word_1_311' title='bbox 977 2513 1004 2545; x_wconf 85' lang='lat' dir='ltr'>oc</span> <span class='ocrx_word' id='word_1_312' title='bbox 1019 2510 1062 2545; x_wconf 77' lang='lat' dir='ltr'>stc</span> 
     </span>
     <span class='ocr_line' id='line_1_35' title="bbox 117 2561 1063 2621; baseline 0.005 -15"><span class='ocrx_word' id='word_1_313' title='bbox 117 2576 156 2607; x_wconf 78' lang='lat' dir='ltr'>vs.</span> <span class='ocrx_word' id='word_1_314' title='bbox 167 2564 255 2609; x_wconf 83' lang='lat' dir='ltr'>os&#39;stcere</span> <span class='ocrx_word' id='word_1_315' title='bbox 266 2566 344 2617; x_wconf 80' lang='lat' dir='ltr'>victor,</span> <span class='ocrx_word' id='word_1_316' title='bbox 362 2570 386 2608; x_wconf 89' lang='lat' dir='ltr'>et</span> <span class='ocrx_word' id='word_1_317' title='bbox 396 2562 479 2607; x_wconf 92' lang='lat' dir='ltr'>nititur</span> <span class='ocrx_word' id='word_1_318' title='bbox 490 2562 599 2608; x_wconf 76' lang='lat' dir='ltr'>Venonis</span> <span class='ocrx_word' id='word_1_319' title='bbox 611 2561 745 2608; x_wconf 88' lang='lat' dir='ltr'>testimonio</span> <span class='ocrx_word' id='word_1_320' title='bbox 756 2562 818 2621; x_wconf 82' lang='lat' dir='ltr'>apud</span> <span class='ocrx_word' id='word_1_321' title='bbox 830 2562 954 2618; x_wconf 69' lang='lat' dir='ltr'>beronem,</span> <span class='ocrx_word' id='word_1_322' title='bbox 971 2572 995 2609; x_wconf 86' lang='lat' dir='ltr'>et</span> <span class='ocrx_word' id='word_1_323' title='bbox 1006 2578 1063 2611; x_wconf 87' lang='lat' dir='ltr'>con·</span> 
     </span>
     <span class='ocr_line' id='line_1_36' title="bbox 116 2626 1063 2686; baseline 0.001 -13"><span class='ocrx_word' id='word_1_324' title='bbox 116 2627 228 2673; x_wconf 78' lang='lat' dir='ltr'>firmatur</span> <span class='ocrx_word' id='word_1_325' title='bbox 245 2642 273 2673; x_wconf 85' lang='lat' dir='ltr'>ex</span> <span class='ocrx_word' id='word_1_326' title='bbox 291 2626 443 2686; x_wconf 73' lang='lat' dir='ltr'>inscripsisse</span> <span class='ocrx_word' id='word_1_327' title='bbox 461 2626 534 2686; x_wconf 85' lang='lat' dir='ltr'>ipsius</span> <span class='ocrx_word' id='word_1_328' title='bbox 551 2626 615 2673; x_wconf 87' lang='lat' dir='ltr'>iilius</span> <span class='ocrx_word' id='word_1_329' title='bbox 632 2627 680 2673; x_wconf 83' lang='lat' dir='ltr'>iani</span> <span class='ocrx_word' id='word_1_330' title='bbox 697 2640 770 2686; x_wconf 80' lang='lat' dir='ltr'>prope</span> <span class='ocrx_word' id='word_1_331' title='bbox 782 2627 873 2673; x_wconf 75' lang='lat' dir='ltr'>Horatii</span> <span class='ocrx_word' id='word_1_332' title='bbox 886 2628 999 2676; x_wconf 77' lang='grc'><strong>86166666</strong></span> <span class='ocrx_word' id='word_1_333' title='bbox 1015 2629 1063 2685; x_wconf 88' lang='lat' dir='ltr'>siti,</span> 
     </span>
     <span class='ocr_line' id='line_1_37' title="bbox 117 2691 1064 2752; baseline 0.004 -15"><span class='ocrx_word' id='word_1_334' title='bbox 117 2691 163 2737; x_wconf 82' lang='lat' dir='ltr'>sed</span> <span class='ocrx_word' id='word_1_335' title='bbox 180 2692 231 2751; x_wconf 77' lang='lat' dir='ltr'>jam</span> <span class='ocrx_word' id='word_1_336' title='bbox 248 2691 289 2739; x_wconf 89' lang='lat' dir='ltr'>ilio</span> <span class='ocrx_word' id='word_1_337' title='bbox 308 2700 412 2750; x_wconf 87' lang='lat' dir='ltr'>tempore</span> <span class='ocrx_word' id='word_1_338' title='bbox 430 2699 546 2738; x_wconf 82' lang='lat' dir='ltr'>vetustate</span> <span class='ocrx_word' id='word_1_339' title='bbox 563 2705 593 2738; x_wconf 81' lang='lat' dir='ltr'>ex</span> <span class='ocrx_word' id='word_1_340' title='bbox 611 2700 678 2752; x_wconf 86' lang='lat' dir='ltr'>parta</span> <span class='ocrx_word' id='word_1_341' title='bbox 699 2692 803 2751; x_wconf 81' lang='lat' dir='ltr'>ooliapei,</span> <span class='ocrx_word' id='word_1_342' title='bbox 821 2692 886 2751; x_wconf 84' lang='lat' dir='ltr'>apud</span> <span class='ocrx_word' id='word_1_343' title='bbox 904 2693 985 2741; x_wconf 85' lang='lat' dir='ltr'>Fearn.</span> <span class='ocrx_word' id='word_1_344' title='bbox 1019 2695 1064 2741; x_wconf 87' lang='lat' dir='ltr'>Per</span> 
     </span>
     <span class='ocr_line' id='line_1_38' title="bbox 113 2756 1062 2816; baseline 0.005 -15"><span class='ocrx_word' id='word_1_345' title='bbox 113 2756 198 2815; x_wconf 82' lang='lat' dir='ltr'>J&#39;ocutn</span> <span class='ocrx_word' id='word_1_346' title='bbox 208 2764 287 2804; x_wconf 84' lang='lat' dir='ltr'>autem</span> <span class='ocrx_word' id='word_1_347' title='bbox 300 2756 401 2805; x_wconf 80' lang='lat' dir='ltr'>Romani</span> <span class='ocrx_word' id='word_1_348' title='bbox 415 2756 535 2803; x_wconf 86' lang='lat' dir='ltr'>interdum</span> <span class='ocrx_word' id='word_1_349' title='bbox 551 2756 602 2803; x_wconf 74' lang='grc'><strong>6166</strong></span> <span class='ocrx_word' id='word_1_350' title='bbox 616 2772 703 2804; x_wconf 84' lang='lat' dir='ltr'>nomen</span> <span class='ocrx_word' id='word_1_351' title='bbox 721 2756 755 2803; x_wconf 88' lang='lat' dir='ltr'>sic</span> <span class='ocrx_word' id='word_1_352' title='bbox 770 2756 986 2816; x_wconf 74' lang='lat' dir='ltr'>interpretabantur</span> <span class='ocrx_word' id='word_1_353' title='bbox 1001 2774 1028 2805; x_wconf 87' lang='grc'>66</span> <span class='ocrx_word' id='word_1_354' title='bbox 1042 2760 1062 2805; x_wconf 85' lang='grc'>61</span> 
     </span>
     <span class='ocr_line' id='line_1_39' title="bbox 117 2817 1062 2886; baseline 0.005 -19"><span class='ocrx_word' id='word_1_355' title='bbox 117 2828 182 2867; x_wconf 82' lang='lat' dir='ltr'>esset</span> <span class='ocrx_word' id='word_1_356' title='bbox 192 2835 207 2868; x_wconf 87' lang='lat' dir='ltr'>a</span> <span class='ocrx_word' id='word_1_357' title='bbox 217 2835 238 2867; x_wconf 85' lang='lat' dir='ltr'>s.</span> <span class='ocrx_word' id='word_1_358' title='bbox 250 2836 337 2877; x_wconf 81' lang='lat' dir='ltr'>vocare,</span> <span class='ocrx_word' id='word_1_359' title='bbox 349 2821 446 2881; x_wconf 86' lang='lat' dir='ltr'>ipsaque</span> <span class='ocrx_word' id='word_1_360' title='bbox 457 2821 583 2867; x_wconf 82' lang='lat' dir='ltr'>vacationis</span> <span class='ocrx_word' id='word_1_361' title='bbox 598 2830 670 2880; x_wconf 78' lang='lat' dir='ltr'>atque</span> <span class='ocrx_word' id='word_1_362' title='bbox 679 2821 722 2867; x_wconf 91' lang='lat' dir='ltr'>otii</span> <span class='ocrx_word' id='word_1_363' title='bbox 733 2822 813 2867; x_wconf 84' lang='lat' dir='ltr'>tutela</span> <span class='ocrx_word' id='word_1_364' title='bbox 821 2846 854 2855; x_wconf 86' lang='lat'><em>-</em></span> <span class='ocrx_word' id='word_1_365' title='bbox 862 2817 983 2883; x_wconf 67' lang='lat' dir='ltr'>[Empta</span> <span class='ocrx_word' id='word_1_366' title='bbox 991 2822 1062 2886; x_wconf 78' lang='lat' dir='ltr'>quod]</span> 
     </span>
     <span class='ocr_line' id='line_1_40' title="bbox 119 2884 1062 2951; baseline 0.003 -18"><span class='ocrx_word' id='word_1_367' title='bbox 119 2886 158 2933; x_wconf 81' lang='lat' dir='ltr'>Ne</span> <span class='ocrx_word' id='word_1_368' title='bbox 169 2901 195 2933; x_wconf 85' lang='lat' dir='ltr'>eo</span> <span class='ocrx_word' id='word_1_369' title='bbox 205 2886 361 2946; x_wconf 86' lang='lat' dir='ltr'>supplendum</span> <span class='ocrx_word' id='word_1_370' title='bbox 374 2886 412 2940; x_wconf 85' lang='lat' dir='ltr'>sit,</span> <span class='ocrx_word' id='word_1_371' title='bbox 427 2885 531 2933; x_wconf 88' lang='lat' dir='ltr'>referunt</span> <span class='ocrx_word' id='word_1_372' title='bbox 544 2884 608 2933; x_wconf 77' lang='grc'><strong>16666</strong></span> <span class='ocrx_word' id='word_1_373' title='bbox 620 2901 689 2933; x_wconf 83' lang='lat' dir='ltr'>usuro</span> <span class='ocrx_word' id='word_1_374' title='bbox 700 2887 731 2935; x_wconf 84' lang='lat' dir='ltr'>ad</span> <span class='ocrx_word' id='word_1_375' title='bbox 740 2886 852 2933; x_wconf 76' lang='lat' dir='ltr'>formulas</span> <span class='ocrx_word' id='word_1_376' title='bbox 863 2888 950 2945; x_wconf 78' lang='lat' dir='ltr'>audito,</span> <span class='ocrx_word' id='word_1_377' title='bbox 966 2891 1062 2951; x_wconf 70' lang='lat' dir='ltr'>cognito,</span> 
     </span>
     <span class='ocr_line' id='line_1_41' title="bbox 117 2948 521 3011; baseline -0.002 -14"><span class='ocrx_word' id='word_1_378' title='bbox 117 2952 230 2997; x_wconf 76' lang='grc'><strong>66661616.</strong></span> <span class='ocrx_word' id='word_1_379' title='bbox 247 2965 268 2997; x_wconf 82' lang='lat' dir='ltr'>v.</span> <span class='ocrx_word' id='word_1_380' title='bbox 281 2952 377 3011; x_wconf 85' lang='lat' dir='ltr'>Zumpt.</span> <span class='ocrx_word' id='word_1_381' title='bbox 389 2951 430 2997; x_wconf 82' lang='lat' dir='ltr'>Gr.</span> <span class='ocrx_word' id='word_1_382' title='bbox 442 2948 521 3009; x_wconf 68' lang='lat' dir='ltr'>§sta</span> 
     </span>
    </p>
   </div>
   <div class='ocr_carea' id='block_1_3' title="bbox 481 3144 700 3193">
    <p class='ocr_par' dir='ltr' id='par_1_7' title="bbox 481 3144 700 3193">
     <span class='ocr_line' id='line_1_42' title="bbox 481 3144 700 3193; baseline 0.009 -2"><span class='ocrx_word' id='word_1_383' title='bbox 481 3144 642 3193; x_wconf 69' lang='lat' dir='ltr'>natarunt</span> <span class='ocrx_word' id='word_1_384' title='bbox 656 3144 700 3193; x_wconf 79' lang='lat' dir='ltr'>Xi.</span> 
     </span>
    </p>
   </div>
   <div class='ocr_carea' id='block_1_4' title="bbox 117 3273 1077 3727">
    <p class='ocr_par' dir='ltr' id='par_1_8' title="bbox 117 3273 1077 3727">
     <span class='ocr_line' id='line_1_43' title="bbox 153 3273 1062 3335; baseline 0.002 -14"><span class='ocrx_word' id='word_1_385' title='bbox 153 3273 259 3323; x_wconf 77' lang='lat' dir='ltr'>Annuus.</span> <span class='ocrx_word' id='word_1_386' title='bbox 294 3275 418 3329; x_wconf 75' lang='grc'><strong>1161166166,</strong></span> <span class='ocrx_word' id='word_1_387' title='bbox 439 3275 510 3323; x_wconf 91' lang='lat' dir='ltr'>homo</span> <span class='ocrx_word' id='word_1_388' title='bbox 528 3274 633 3335; x_wconf 87' lang='lat' dir='ltr'>alioquin</span> <span class='ocrx_word' id='word_1_389' title='bbox 647 3274 752 3334; x_wconf 64' lang='grc'><strong>1666166,</strong></span> <span class='ocrx_word' id='word_1_390' title='bbox 775 3276 868 3323; x_wconf 83' lang='lat' dir='ltr'>Horatii</span> <span class='ocrx_word' id='word_1_391' title='bbox 884 3284 948 3323; x_wconf 86' lang='lat' dir='ltr'>certa</span> <span class='ocrx_word' id='word_1_392' title='bbox 965 3275 1062 3333; x_wconf 83' lang='lat' dir='ltr'>amicos,</span> 
     </span>
     <span class='ocr_line' id='line_1_44' title="bbox 118 3337 1062 3404; baseline 0.001 -18"><span class='ocrx_word' id='word_1_393' title='bbox 118 3337 196 3401; x_wconf 83' lang='lat' dir='ltr'>(quod</span> <span class='ocrx_word' id='word_1_394' title='bbox 207 3340 285 3402; x_wconf 86' lang='lat' dir='ltr'>ipsum</span> <span class='ocrx_word' id='word_1_395' title='bbox 297 3342 438 3387; x_wconf 87' lang='lat' dir='ltr'>documento</span> <span class='ocrx_word' id='word_1_396' title='bbox 449 3348 485 3387; x_wconf 92' lang='lat' dir='ltr'>est</span> <span class='ocrx_word' id='word_1_397' title='bbox 499 3340 621 3399; x_wconf 71' lang='lat' dir='ltr'>ingenium</span> <span class='ocrx_word' id='word_1_398' title='bbox 635 3354 664 3386; x_wconf 86' lang='lat' dir='ltr'>ao</span> <span class='ocrx_word' id='word_1_399' title='bbox 677 3340 817 3400; x_wconf 88' lang='lat' dir='ltr'>probitatem</span> <span class='ocrx_word' id='word_1_400' title='bbox 834 3341 855 3387; x_wconf 92' lang='grc'>61</span> <span class='ocrx_word' id='word_1_401' title='bbox 870 3354 917 3386; x_wconf 90' lang='grc'>666</span> <span class='ocrx_word' id='word_1_402' title='bbox 933 3338 1062 3404; x_wconf 70' lang='lat' dir='ltr'>detineret)</span> 
     </span>
     <span class='ocr_line' id='line_1_45' title="bbox 118 3404 1062 3465; baseline 0.001 -13"><span class='ocrx_word' id='word_1_403' title='bbox 118 3419 150 3451; x_wconf 80' lang='lat' dir='ltr'>ex</span> <span class='ocrx_word' id='word_1_404' title='bbox 169 3419 198 3451; x_wconf 94' lang='grc'>66</span> <span class='ocrx_word' id='word_1_405' title='bbox 212 3414 290 3452; x_wconf 86' lang='lat' dir='ltr'>tamen</span> <span class='ocrx_word' id='word_1_406' title='bbox 309 3406 410 3451; x_wconf 85' lang='lat' dir='ltr'>divitum</span> <span class='ocrx_word' id='word_1_407' title='bbox 423 3419 510 3464; x_wconf 75' lang='lat' dir='ltr'>genere</span> <span class='ocrx_word' id='word_1_408' title='bbox 526 3404 708 3457; x_wconf 83' lang='lat' dir='ltr'>fuissevidetnr,</span> <span class='ocrx_word' id='word_1_409' title='bbox 727 3406 768 3464; x_wconf 89' lang='lat' dir='ltr'>qui</span> <span class='ocrx_word' id='word_1_410' title='bbox 785 3413 880 3465; x_wconf 89' lang='lat' dir='ltr'>propter</span> <span class='ocrx_word' id='word_1_411' title='bbox 896 3405 975 3451; x_wconf 85' lang='lat' dir='ltr'>nescio</span> <span class='ocrx_word' id='word_1_412' title='bbox 990 3420 1062 3465; x_wconf 82' lang='lat' dir='ltr'>quera</span> 
     </span>
     <span class='ocr_line' id='line_1_46' title="bbox 117 3469 1062 3530; baseline 0.004 -15"><span class='ocrx_word' id='word_1_413' title='bbox 117 3470 194 3516; x_wconf 83' lang='lat' dir='ltr'>animi</span> <span class='ocrx_word' id='word_1_414' title='bbox 208 3470 345 3530; x_wconf 66' lang='lat' dir='ltr'>languorem</span> <span class='ocrx_word' id='word_1_415' title='bbox 361 3483 405 3515; x_wconf 85' lang='lat' dir='ltr'>nec</span> <span class='ocrx_word' id='word_1_416' title='bbox 420 3471 489 3516; x_wconf 84' lang='lat' dir='ltr'>rebus</span> <span class='ocrx_word' id='word_1_417' title='bbox 505 3469 611 3517; x_wconf 80' lang='lat' dir='ltr'>civilibus</span> <span class='ocrx_word' id='word_1_418' title='bbox 630 3484 708 3529; x_wconf 81' lang='lat' dir='ltr'>nequa</span> <span class='ocrx_word' id='word_1_419' title='bbox 726 3469 810 3516; x_wconf 87' lang='lat' dir='ltr'>litteris</span> <span class='ocrx_word' id='word_1_420' title='bbox 826 3482 903 3527; x_wconf 88' lang='lat' dir='ltr'>neque</span> <span class='ocrx_word' id='word_1_421' title='bbox 913 3470 1062 3527; x_wconf 70' lang='lat' dir='ltr'>agricultura</span> 
     </span>
     <span class='ocr_line' id='line_1_47' title="bbox 118 3533 1061 3594; baseline 0.003 -14"><span class='ocrx_word' id='word_1_422' title='bbox 118 3536 158 3581; x_wconf 85' lang='lat' dir='ltr'>vei</span> <span class='ocrx_word' id='word_1_423' title='bbox 175 3536 329 3594; x_wconf 75' lang='lat' dir='ltr'>negotiationi</span> <span class='ocrx_word' id='word_1_424' title='bbox 345 3548 440 3594; x_wconf 82' lang='lat' dir='ltr'>operam</span> <span class='ocrx_word' id='word_1_425' title='bbox 455 3542 576 3590; x_wconf 85' lang='lat' dir='ltr'>natarent,</span> <span class='ocrx_word' id='word_1_426' title='bbox 591 3535 633 3581; x_wconf 79' lang='lat' dir='ltr'>set</span> <span class='ocrx_word' id='word_1_427' title='bbox 644 3535 740 3581; x_wconf 81' lang='lat' dir='ltr'>tandem</span> <span class='ocrx_word' id='word_1_428' title='bbox 756 3535 830 3594; x_wconf 86' lang='lat' dir='ltr'>ipsius</span> <span class='ocrx_word' id='word_1_429' title='bbox 840 3533 892 3593; x_wconf 90' lang='lat' dir='ltr'>otii,</span> <span class='ocrx_word' id='word_1_430' title='bbox 910 3534 947 3580; x_wconf 91' lang='lat' dir='ltr'>cui</span> <span class='ocrx_word' id='word_1_431' title='bbox 958 3549 983 3581; x_wconf 90' lang='lat' dir='ltr'>se</span> <span class='ocrx_word' id='word_1_432' title='bbox 994 3537 1061 3583; x_wconf 82' lang='lat' dir='ltr'>desii·</span> 
     </span>
     <span class='ocr_line' id='line_1_48' title="bbox 118 3598 1062 3659; baseline 0.004 -14"><span class='ocrx_word' id='word_1_433' title='bbox 118 3601 213 3657; x_wconf 85' lang='lat' dir='ltr'>derant,</span> <span class='ocrx_word' id='word_1_434' title='bbox 226 3601 327 3659; x_wconf 75' lang='lat' dir='ltr'>pertaesi,</span> <span class='ocrx_word' id='word_1_435' title='bbox 342 3600 387 3646; x_wconf 84' lang='lat' dir='ltr'>boo</span> <span class='ocrx_word' id='word_1_436' title='bbox 397 3598 503 3645; x_wconf 90' lang='lat' dir='ltr'>omnium</span> <span class='ocrx_word' id='word_1_437' title='bbox 514 3613 592 3645; x_wconf 84' lang='lat' dir='ltr'>return</span> <span class='ocrx_word' id='word_1_438' title='bbox 608 3598 702 3645; x_wconf 77' lang='grc'><strong>16661616</strong></span> <span class='ocrx_word' id='word_1_439' title='bbox 712 3599 781 3645; x_wconf 84' lang='lat' dir='ltr'>aliter</span> <span class='ocrx_word' id='word_1_440' title='bbox 790 3612 815 3643; x_wconf 89' lang='lat' dir='ltr'>se</span> <span class='ocrx_word' id='word_1_441' title='bbox 825 3598 920 3645; x_wconf 83' lang='lat' dir='ltr'>liberari</span> <span class='ocrx_word' id='word_1_442' title='bbox 929 3613 1000 3659; x_wconf 83' lang='lat' dir='ltr'>posse</span> <span class='ocrx_word' id='word_1_443' title='bbox 1014 3616 1062 3649; x_wconf 88' lang='lat' dir='ltr'>nou</span> 
     </span>
     <span class='ocr_line' id='line_1_49' title="bbox 117 3659 1077 3727; baseline 0.003 -16"><span class='ocrx_word' id='word_1_444' title='bbox 117 3664 284 3727; x_wconf 84' lang='lat' dir='ltr'>opinarentur,</span> <span class='ocrx_word' id='word_1_445' title='bbox 299 3665 345 3713; x_wconf 86' lang='lat' dir='ltr'>nisi</span> <span class='ocrx_word' id='word_1_446' title='bbox 360 3663 417 3713; x_wconf 86' lang='lat' dir='ltr'>siin</span> <span class='ocrx_word' id='word_1_447' title='bbox 428 3663 568 3725; x_wconf 70' lang='lat' dir='ltr'>longinquas</span> <span class='ocrx_word' id='word_1_448' title='bbox 583 3664 691 3724; x_wconf 64' lang='grc'><strong>66616666</strong></span> <span class='ocrx_word' id='word_1_449' title='bbox 705 3662 805 3725; x_wconf 73' lang='lat' dir='ltr'>proiecti</span> <span class='ocrx_word' id='word_1_450' title='bbox 818 3662 881 3709; x_wconf 84' lang='lat' dir='ltr'>inter</span> <span class='ocrx_word' id='word_1_451' title='bbox 895 3664 954 3713; x_wconf 83' lang='grc'><strong>61166</strong></span> <span class='ocrx_word' id='word_1_452' title='bbox 970 3659 1077 3727; x_wconf 83' lang='lat' dir='ltr'>semper&#39;</span> 
     </span>
    </p>
   </div>
   <div class='ocr_carea' id='block_1_5' title="bbox 0 0 1229 4059">
    <p class='ocr_par' dir='ltr' id='par_1_9' title="bbox 0 0 1229 4059">
     <span class='ocr_line' id='line_1_50' title="bbox 0 0 1229 4059; baseline 0 0"><span class='ocrx_word' id='word_1_453' title='bbox 0 0 1229 4059; x_wconf 95' lang='lat' dir='ltr'> </span> 
     </span>
    </p>
   </div>
  </div>
 </body>
</html>
