2442 4059
169 256 210 318 80
422 271 662 318 sersuomuun
683 274 751 321 nm.
768 275 790 319 1.
808 258 857 319 ls.

170 422 230 487 Me
245 423 365 509 quoties
379 422 478 499 reficit
491 423 612 510 gelidus
626 425 781 513 Digentia
794 426 887 504 rivus,

171 509 276 585 Quem
293 508 442 573 Mandela
457 510 543 587 bibit,
558 534 688 599 rugosus
703 513 816 601 frigore
830 534 939 598 pagus,

172 594 258 671 Quid
273 593 387 659 sentire
402 608 500 681 putas,
517 597 591 682 quid
606 598 714 675 credis,
730 600 837 675 amice,
853 596 996 683 precari?
1083 669 1088 677 ,

109 724 112 733 ‹
172 681 221 745 Sit
236 679 309 745 mibi
324 680 406 766 quod
422 705 504 745 nune
518 696 582 759 est;
606 684 698 749 etiam
714 686 834 749 minus:
858 697 891 749 et
905 683 980 748 mibi
994 683 1106 759 vivam,

172 766 265 842 Quod
280 779 419 851 superest
434 768 501 845 aevi,
517 769 543 833 si
558 770 633 855 quid
646 793 806 856 superesse
820 771 929 835 volunt
943 769 1009 834 Di:
1066 776 1107 833 95

172 852 220 916 Sit
235 851 314 916 bona
328 853 473 917 librorum
489 867 521 919 et
535 856 664 940 provisae
677 856 776 944 frugis
790 857 821 920 in
836 878 951 920 annum

171 937 271 1023 Copia
280 963 289 1013 ;
312 962 373 1002 neu
388 939 505 1004 fluitem
521 940 623 1007 dnbiae
636 964 691 1027 spe
706 942 859 1028 pendulus
873 942 964 1005 horat

172 1024 235 1087 Sed
249 1024 321 1089 satis
336 1038 384 1089 est
397 1048 482 1089 orare
497 1026 608 1091 Jovem
623 1051 693 1113 quae
707 1029 802 1093 donat
815 1040 848 1092 et
860 1029 978 1092 aufert:

170 1108 238 1175 Det
252 1110 356 1189 vitam,
372 1111 425 1175 det
438 1134 521 1198 opes,
537 1135 661 1198 aequum
677 1114 719 1178 mi
733 1114 870 1179 animum
884 1114 950 1201 ipse
965 1112 1088 1200 parabo.

340 1495 502 1541 nstsuonn
524 1497 684 1541 XIX—AD
707 1496 937 1542 MAECENATEM.
971 1525 973 1528 -

174 1628 280 1693 Prisco
294 1628 320 1692 si
335 1629 443 1706 credis,
462 1628 621 1695 Maecenas
635 1630 734 1706 docte,
753 1629 890 1703 Cratino,

172 1714 268 1779 Nulla
282 1714 403 1800 placere
419 1716 481 1792 diu,
498 1738 556 1779 nee
571 1717 675 1780 vivere
689 1715 824 1780 mrmina
837 1728 974 1802 possunt,

174 1799 256 1875 Qum
270 1801 442 1865 scribuntur
455 1824 544 1887 uquae
558 1802 725 1885 potoribus.
771 1802 818 1867 Ut
833 1803 911 1866 mule
926 1824 1016 1868 sanos

174 1885 346 1971 Adscripsit
361 1886 457 1950 Liber
474 1887 592 1972 Satyris
610 1886 786 1973 Faunisque
801 1900 917 1973 poetas,

172 1969 256 2035 Vina
270 1971 334 2035 fere
349 1971 453 2035 dulces
468 1972 612 2037 oluerunt
626 1996 715 2037 mane
731 1973 897 2039 Camoenae.
1090 1977 1111 2036 5
1161 1973 1166 1981 ’

173 2056 333 2122 Laudibus
347 2057 485 2143 arguitur
500 2058 563 2122 vini
579 2058 891 2147 vinosns‘Homerus:

174 2142 295 2209 Ennius
310 2144 375 2229 ipse
390 2156 477 2228 pater
491 2166 659 2230 nunquam,
676 2145 733 2209 nisi
748 2159 849 2231 potus,
864 2144 902 2210 ad
916 2166 1001 2209 arma

174 2229 321 2294 Prosiluit
335 2229 470 2295 dicendo.
518 2229 632 2293 Forum
647 2231 814 2317 putealque
831 2230 959 2295 Libonis

175 2314 335 2381 Mandabo
349 2316 446 2391 siccis,
461 2316 591 2380 adimam
607 2329 730 2381 eantare
738 2317 868 2382 severis

175 2398 248 2465 Hoc
261 2402 350 2466 simul
367 2401 460 2479 edixi,
477 2425 538 2466 non
553 2424 710 2467 cessavere
724 2415 825 2486 poetae
1072 2405 1111 2465 10

126 2536 133 2545 r
174 2485 336 2550 Nocturno
351 2501 466 2551 certare
481 2510 575 2564 mero,
592 2501 701 2574 putere
715 2488 834 2553 diurno.

176 2570 271 2648 Quid,
288 2572 314 2635 si
329 2572 397 2658 quis
413 2573 498 2637 vultu
514 2586 600 2637 torvo
615 2574 697 2638 ferus
712 2586 745 2639 et
759 2574 838 2659 pede
853 2573 936 2638 nodo

176 2655 371 2744 Exiguaeque
387 2671 467 2743 togae
482 2659 604 2724 simulet
619 2672 739 2724 textore
756 2660 919 2736 Catonem,

173 2743 370 2808 Virtutemne
385 2757 584 2829 repraesentet
598 2768 761 2832 moresque
778 2743 928 2810 Catonis?

176 2828 276 2914 Rupit
292 2830 436 2895 larbitam
452 2828 634 2917 Timagenis
648 2832 759 2895 aemula
772 2831 889 2918 lingua,
1073 2833 1112 2894 15
1213 2929 1214 2938 ἵ

174 2913 262 2978 Dum
277 2915 379 2980 studet
395 2916 536 2993 urbanus,
554 2917 715 3003 tenditque
730 2918 861 2982 disertus
876 2916 989 2981 haberi.

174 2999 304 3086 Decipit
318 3003 475 3088 exemplar
489 3002 570 3067 vitiis
582 3002 747 3067 imitabile:
771 3003 881 3089 quodsi

176 3086 326 3150 Pullerem
343 3108 423 3165 casu,
441 3088 582 3153 biberent
597 3111 755 3175 exsangue
770 3090 936 3153 cuminum.

175 3172 206 3236 Ο
223 3172 398 3250 imitatores,
414 3196 535 3238 servum
552 3197 655 3260 pecus,
672 3188 707 3239 ut
721 3175 793 3238 mihi
809 3197 891 3260 saepe

175 3257 288 3334 Bilem,
304 3281 386 3343 saepe
396 3261 502 3344 jocum
517 3260 609 3324 vestri
626 3284 749 3325 movere
764 3259 934 3327 tumultus!
1068 3263 1111 3324 20

74 3355 76 3359 ’
174 3343 289 3408 Libera
305 3367 501 3429 pervacuum
517 3346 604 3430 posui
620 3346 750 3432 vestigia
764 3345 926 3431 princeps:

175 3428 247 3494 Non
261 3430 363 3495 aliena
378 3453 446 3493 meo
461 3432 556 3515 pressi
572 3431 660 3516 pede.
706 3431 771 3507 Qui
786 3432 844 3496 sibi
859 3432 936 3508 fidit,

173 3513 251 3579 Dux
267 3517 347 3601 regit
361 3538 501 3581 examen.
548 3516 654 3581 Parios
669 3539 728 3602 ego
744 3517 859 3601 primns
874 3518 990 3582 iambus

174 3600 307 3666 Ostendi
323 3602 424 3679 Latio,
440 3624 584 3667 numeros
597 3601 778 3688 animosque
791 3615 916 3669 secutus
