2442 4059
362 254 561 304 suerranum
583 254 650 298 orn.
666 256 704 297 11.
723 239 751 301 l.
982 240 1025 303 27

86 408 196 484 Quum
218 406 276 472 sibi
296 406 427 492 quisque
443 406 540 482 timet,
557 429 742 491 quamquam
759 419 806 472 est
825 407 967 485 intactus,
990 421 1023 475 et

171 495 245 559 odit.

87 580 175 656 Quid
190 576 326 645 faciam?
347 577 436 643 saltat
453 577 615 654 Milonius,
631 590 666 643 ut
679 578 775 643 semel
790 580 851 643 icto

86 666 229 731 Accessit
242 666 343 729 fervor
359 664 461 750 capiti,
477 687 685 749 numerusque
700 664 841 729 lucernis.
976 672 1019 733 25

87 752 198 816 Castor
212 751 328 837 gaudet
342 750 440 835 equis,
456 772 513 814 ovo
528 765 694 836 prognatus
709 752 816 815 eodem

88 838 137 901 Pu
162 839 228 913 nis;
252 852 328 922 quot
342 837 475 921 sapitum
491 836 608 911 vivunt,
625 836 750 901 totidem
766 837 934 901 studiorum

87 862 202 987 Miltia
249 922 307 987 Me
323 921 452 1007 pedibus
466 922 597 987 delectat
611 923 753 987 claudere
768 924 862 987 verba

86 1008 191 1073 Lucili
206 1009 278 1086 ritu,
294 1007 431 1073 nostritm
447 1008 580 1072 melioris
595 1022 735 1093 utroque.

87 1095 146 1159 llle
162 1094 249 1159 velut
263 1094 332 1159 fidis
345 1117 456 1159 arcana
469 1093 622 1159 sodalibus
636 1094 709 1158 olim
977 1103 1031 1163 30¹

88 1180 244 1246 Credebat
259 1180 360 1254 libris;
383 1203 495 1265 neque,
511 1180 536 1243 si
551 1180 631 1244 male
645 1194 787 1256 cesserat,
803 1204 939 1267 unquam

86 1266 268 1331 Decurrens
282 1266 351 1343 alio,
369 1288 470 1350 neque
485 1266 510 1330 si
526 1265 622 1330 bene:
647 1290 708 1352 quo
723 1267 768 1343 fit,
785 1281 818 1332 ut
832 1268 932 1333 omnis

86 1353 202 1417 Votivri
219 1364 323 1438 pateat
338 1352 433 1416 veluti
447 1352 597 1437 descripta
613 1353 726 1419 abent

86 1438 163 1503 Vita
191 1439 283 1503 senis.
338 1438 458 1523 Sequor
495 1438 577 1503 hunc
607 1439 752 1503 Lucanus
787 1462 826 1503 an
863 1440 1018 1527 Appulus,

151 1546 248 1592 .ance
271 1546 304 1589 s:
582 1581 585 1589 .

88 1610 172 1674 Nam
187 1547 364 1675 Venpusinus
378 1622 444 1674 arat
458 1608 551 1673 finem
565 1610 623 1674 sub
640 1622 802 1695 utrumque
817 1610 952 1688 colonus,
978 1617 1020 1676 35

89 1695 209 1760 Missus
223 1696 261 1761 ad
276 1697 343 1771 hoe,
360 1695 454 1781 pulsis
472 1698 575 1779 (vetus
590 1709 637 1760 est
652 1708 686 1760 ut
699 1696 793 1778 fama)
814 1696 953 1775 Sabellis,
995 1711 998 1721 “

88 1782 164 1857 Quo
179 1805 219 1846 ne
234 1805 289 1867 per
304 1788 433 1845 vacuum
451 1781 591 1846 Romano
606 1782 776 1847 incurreret
790 1783 900 1857 hostis3

89 1868 165 1933 Sive
181 1868 263 1953 quod
279 1867 405 1953 Appula
418 1890 505 1954 gens,
521 1890 576 1931 seu
591 1868 674 1952 quod
690 1868 828 1933 Lucania
843 1870 958 1934 bellum

88 1953 250 2018 Incuterct
265 1953 408 2018 violenta.
455 1954 516 2017 Sed
532 1953 582 2017 bic
596 1953 683 2018 stilus
699 1954 778 2019 haud
794 1967 880 2040 petet
895 1955 975 2021 ultro

88 2039 289 2125 Quemquam
299 2039 496 2112 animantem,
509 2053 541 2103 et
554 2063 604 2103 mc
615 2039 711 2104 veluti
726 2041 878 2106 custodiet
888 2042 969 2106 ensis
980 2047 1023 2105 40

88 2125 214 2213 Vagind
230 2137 346 2201 tectus;
369 2148 463 2210 quem
477 2148 530 2189 cur
545 2125 737 2213 destringere
751 2150 845 2191 coner

87 2211 193 2276 Tutus
207 2211 247 2276 ab
261 2210 381 2275 infestis
395 2210 586 2276 latronibus?
631 2212 662 2275 Ο
678 2226 774 2297 pater,
790 2225 823 2276 et
836 2235 893 2277 rex

85 2298 223 2383 Jupiter,
240 2311 274 2363 ut
288 2308 394 2382 percat
408 2298 540 2382 positum
556 2298 699 2398 rubigine
715 2298 820 2371 telum,

87 2384 159 2447 Nec
174 2383 337 2468 quisquam
352 2395 460 2447 noceat
474 2382 585 2468 cupido
600 2384 673 2447 mrbi
689 2383 790 2469 pacis!
813 2383 923 2461 atille,

87 2469 157 2544 Qui
172 2491 222 2533 me
238 2470 397 2534 commorit
414 2468 547 2553 (Melius
561 2491 623 2533 non
639 2469 786 2557 tangere!
808 2469 920 2554 clamo)
980 2477 1022 2533 45

87 2554 204 2631 Flebit,
221 2567 253 2620 et
267 2555 397 2643 insignis
413 2555 662 2623 commutabitur
678 2556 763 2619 urbe.

88 2642 223 2705 Cervius
237 2641 331 2706 iratus
345 2640 431 2727 leges
447 2641 603 2707 minitatur
619 2654 651 2705 et
666 2664 789 2717 urnam3

88 2727 224 2793 Canidia
238 2726 357 2803 Albuti,
374 2726 486 2811 quibus
500 2741 548 2791 est
562 2727 694 2803 inimica,
711 2750 882 2803 venenum3

89 2812 218 2878 Grande
235 2812 348 2877 malum
364 2812 490 2889 Turius,
506 2813 532 2877 si
546 2813 622 2897 quid
636 2836 670 2877 se
680 2814 787 2899 judice
802 2827 910 2878 certes.

89 2900 147 2975 Ut,
164 2921 228 2983 quo
243 2899 374 2983 quisque
389 2897 479 2975 valet,
494 2913 652 2984 suspectos
667 2911 788 2975 terreat,
805 2911 901 2985 utque
979 2904 1021 2961 50

88 2985 229 3071 Imperet
243 2984 301 3049 hoc
315 2998 424 3048 natura
438 2997 557 3069 potens,
572 2986 616 3048 sic
630 2984 741 3072 collige
756 3008 896 3049 mecum:

87 3071 198 3135 Dente
213 3071 314 3156 lupus,
329 3093 424 3135 cornu
439 3086 542 3134 taurus
555 3070 651 3155 petit:
675 3070 766 3146 unde,
782 3072 840 3135 nisi
855 3072 938 3136 intus

90 3155 323 3221 Monstratumi
368 3157 482 3221 Scaevae
496 3156 633 3219 vivacem
649 3156 739 3222 crede
753 3158 859 3243 nepoti

90 3242 245 3318 Matrem
269 3241 312 3305 nil
326 3243 419 3307 faciet
432 3242 555 3306 sceleris
569 3242 621 3327 pia
635 3242 778 3317 dextera;
794 3243 905 3307 mirum

91 3328 138 3394 Ut
159 3350 264 3413 neque
282 3328 365 3395 calce
386 3328 479 3412 lupus
498 3350 696 3413 quemquam,
712 3351 814 3413 neque
829 3329 921 3393 dente
942 3327 1023 3475 pegi}

92 3501 154 3565 Sed
170 3462 251 3565 mald
265 3499 353 3565 tollet
366 3522 458 3565 anum
474 3500 579 3565 vitiato
594 3500 686 3565 melle
701 3498 808 3563 cicuta.
910 3548 917 3561 .

92 3586 142 3652 Ne
157 3587 288 3675 longum
302 3585 426 3653 faciam:
450 3608 504 3651 seu
520 3608 568 3649 me
585 3585 749 3733 t2ranquilla
761 3595 904 3649 senectus

557 3691 575 3735 c
