2442 4059
103 320 105 324 .
159 256 224 319 tle
488 252 771 300 ruaaaraararro.
1004 250 1114 315 [amar.

160 409 216 455 dere
228 405 387 467 preceptum,'
399 412 425 450 ut
435 401 547 463 guttatim
558 404 582 449 in
594 418 663 449 aures
673 403 818 449 instillantur
827 404 912 451 harum
922 404 1115 451 medicamenta.

159 469 250 533 -[Ut
269 478 293 518 ta
306 466 437 532 fortunam]
456 470 541 519 ‘Quod
559 469 578 515 si
598 478 625 514 tu
647 470 751 515 modeste
773 468 834 514 seres
853 470 979 523 fortunam,
1003 485 1062 529 quae
1089 484 1114 515 te

160 538 269 583 comitem
281 536 336 581 fecit
348 535 455 586 Neronis,
472 536 537 593 cujus
549 533 628 580 favore
638 534 744 593 gaudeas
757 537 857 593 majores
868 533 939 579 etiam
956 548 1015 594 opes
1033 544 1114 593 atque

159 602 260 648 honores
277 600 404 659 aliquando
419 599 515 659 adipisci
533 607 607 659 potes,
625 614 667 645 nos
685 613 778 658 quoque
791 599 921 657 (Neronem
938 598 1009 644 simul
1029 600 1114 658 sigui·

160 666 226 727 licat)
243 666 349 711 benevoli
368 673 392 710 et
409 679 462 710 vere
479 664 547 710 amici
565 664 607 710 tibi
623 665 724 716 erimuss
741 664 851 722 superbiai
867 671 950 709 contra
965 672 989 709 ct
1004 664 1073 710 tastu
1091 664 1113 710 si

160 740 245 792 prater
255 731 351 777 modam
362 738 386 775 tc
397 729 517 785 extuleris,
527 729 614 775 amicos
623 743 639 774 a
649 737 673 774 te
683 728 842 775 abalienabit!

519 922 680 970 EPISTULA
698 922 742 968 lx.

194 1055 300 1101 Ausoba.
317 1053 445 1100 Venustius
455 1066 512 1098 sanc
521 1059 592 1111 atque
603 1051 733 1111 elegantius
743 1052 882 1111 Septimium
892 1066 961 1097 suom
971 1050 1014 1113 (de
1025 1067 1076 1113 quo
1085 1068 1108 1099 r.

162 1122 207 1168 Od.
219 1122 243 1179 2,
254 1118 287 1180 6.)
308 1120 401 1165 Tiberio
413 1117 512 1163 Claudio
528 1117 617 1163 Neroni
634 1117 797 1162 commendare
813 1132 860 1162 non
878 1118 957 1176 potuit
971 1132 1044 1177 quam
1059 1119 1109 1164 boc

162 1186 277 1246 epistolio,
295 1185 319 1229 in
339 1198 385 1243 quo
402 1182 508 1241 gratiam.
527 1182 574 1240 qula
592 1181 643 1241 ipse
659 1183 722 1241 apud
733 1181 834 1241 Augusti
852 1182 986 1241 privignum
1001 1182 1107 1240 fruatur,

98 1290 104 1303 ,
162 1250 244 1296 deditd
254 1251 325 1308 opera
335 1256 454 1294 extenuat.
488 1245 544 1291 Noli
554 1254 634 1292 autem
648 1247 751 1291 oblivisci
763 1260 791 1291 eo
802 1254 913 1305 tempore,
928 1261 976 1306 quo
988 1248 1108 1307 scriptum

162 1323 198 1360 est
210 1314 246 1374 (a.
259 1327 283 1359 υ.
295 1326 316 1359 c.
329 1313 384 1369 732,
396 1312 441 1367 rel,
458 1319 485 1356 ut
500 1310 540 1356 alii
557 1312 646 1365 volunt,
659 1309 725 1371 734.)
744 1311 833 1356 Tiberii
847 1325 923 1356 mores
938 1313 1046 1357 nondum
1066 1326 1107 1357 re-

162 1380 318 1439 prehensione
335 1379 418 1437 dignos
436 1376 516 1421 luisse.
548 1376 620 1421 Tacit.
637 1376 699 1421 Ann.
711 1375 735 1428 6,
745 1376 786 1431 bl,
797 1377 911 1437 Egregius
923 1379 971 1422 aitd
982 1373 1106 1439 saardqrre,

134 1498 136 1502 ¹
162 1447 237 1505 quoad
245 1446 347 1503 privatus
358 1444 393 1489 ael
404 1444 427 1487 ia
439 1442 531 1501 imperio
541 1442 583 1486 sab
594 1438 788 1501 Aagastosaerat.

197 1509 264 1556 1-3.
285 1504 366 1568 [aaaa]
385 1508 484 1566 ‘preter
502 1504 606 1551 ceteros!
640 1506 698 1549 ‘Vel
714 1516 808 1565 propter
822 1504 866 1551 hoc
881 1506 1038 1551 metuendum
1056 1520 1105 1551 non

162 1580 205 1628 est,
219 1588 250 1618 ue
261 1581 284 1618 te
295 1573 393 1617 allorum
408 1586 488 1616 rursus
503 1570 705 1616 commendatione
718 1570 902 1615 obtundam'—-
910 1569 990 1632 [rogat
1000 1577 1024 1617 et
1035 1585 1105 1630 prece

162 1634 234 1699 cogit]
252 1637 299 1681 ‘ita
310 1645 383 1696 rogat,
395 1644 420 1681 ut
432 1650 470 1681 me
481 1635 587 1694 precibus
598 1634 647 1680 suis
658 1636 723 1694 quasi
734 1643 802 1694 cogat
810 1636 824 1689 ς’
842 1650 912 1693 quam
924 1631 1106 1697 πειθανάγκην

164 1702 239 1813 ἱὶιεοί
251 1702 378 1747 dicunt—
386 1697 502 1763 [Scilicet]
515 1702 567 1761 only
575 1702 640 1746 thiale
647 1696 807 1760 l-[tradere]
825 1708 852 1745 ut
860 1702 908 1746 Sat.
921 1701 942 1758 l,
954 1702 978 1756 9,
987 1701 1028 1755 47.
1042 1702 1104 1760 lipp.

201 1766 238 1819 16,
249 1766 287 1820 78.

181 1798 218 1886 ’4,
229 1832 251 1877 6.
271 1827 366 1891 [mente]
383 1830 491 1889 ‘egregiis
502 1831 543 1876 tud
554 1830 633 1876 indole
641 1836 666 1875 et
676 1829 771 1889 ingenio
782 1828 963 1889 perspicaci'-
971 1825 1104 1891 [dorsoque]

164 1895 201 1941 Ex
215 1895 367 1941 Claudiorum
384 1898 456 1953 stirpe
473 1895 619 1941 nobilissimi
636 1903 708 1951 ortus,
723 1895 786 1954 apud
797 1894 906 1940 vitricum
922 1896 1035 1940 educatus
1046 1902 1104 1940 erat.

162 1956 323 2021 -[legeatis]
341 1958 464 2006 ‘honestos
475 1966 566 2003 tentum
580 1959 688 2005 homines
702 1960 817 2018 eligentis,
835 1973 892 2017 quos
910 1960 933 2005 in
951 1959 1104 2005 familiarium

163 2039 258 2071 suorum
270 2037 393 2069 numerum
405 2023 508 2077 asciscat,
525 2037 552 2068 ac
563 2032 709 2082 proptereaa
720 2038 746 2070 se
756 2024 896 2070 removentis
911 2025 1018 2070 homines
1029 2026 1104 2069 boas·

164 2104 217 2137 rum
231 2089 316 2135 artium
333 2084 605 2147 sudsex-[propiora]
624 2088 751 2143 ‘canaria’
762 2103 820 2148 quos
839 2090 953 2135 vocabant
966 2090 1048 2149 priraae
1060 2089 1105 2134 ad·

163 2157 283 2209 missionis,
297 2155 384 2199 Seneca
395 2154 424 2198 de
437 2151 517 2197 Benet'.
530 2151 553 2207 6,
564 2150 603 2198 33

195 2220 265 2267 6-9.
284 2214 396 2279 [valdius]
415 2215 527 2270 ‘melius'
540 2225 567 2262 ut
577 2216 606 2263 A.
616 2216 642 2262 Ρ.
653 2216 712 2271 321,
723 2218 813 2264 valdius
823 2218 940 2264 oblectare.
948 2241 981 2250 -
988 2211 1103 2277 [abirent]

164 2285 206 2331 ‘ut
228 2285 366 2331 evaderem!
391 2278 585 2343 Scluat-[mea]
603 2282 682 2328 ‘bona
699 2290 724 2327 et
740 2284 870 2337 commoda,
890 2283 915 2327 in
935 2282 1020 2340 quibus
1040 2295 1103 2342 pono

163 2349 234 2395 etlam
256 2350 367 2405 savorem,
389 2362 435 2408 quo
456 2361 494 2393 me
515 2347 625 2407 prosequi
647 2344 1008 2408 &gamul-[Dissimulator]
1038 2346 1103 2392 'l'alis

164 2414 302 2460 describitur
320 2412 400 2472 sipara,
415 2414 444 2458 ab
456 2412 581 2475 Aristotele
599 2412 628 2457 de
648 2412 707 2457 Mor.
725 2413 756 2457 ad
771 2412 863 2457 Nicom.
879 2413 902 2469 4,
919 2412 943 2467 3,
961 2407 975 2457 ὁ
994 2407 1016 2458 d'
1029 2410 1102 2474 elprae

164 2473 229 2525 dorsi
250 2474 383 2539 ἀρνεῖσθαι
404 2476 435 2524 rd
453 2473 604 2540 ὑπάρχοντα
626 2474 643 2534 ἢ
665 2472 761 2523 ἐλάττω
781 2476 872 2523 ποιεῖν.
898 2471 1102 2537 tama-[apa]

164 2543 267 2601 'gratim
279 2545 326 2603 quia
336 2543 400 2589 fruor
412 2544 475 2602 apud
486 2551 516 2596 te,
531 2552 554 2588 et
565 2542 589 2587 id
600 2555 674 2586 unum
685 2551 806 2601 appetens,
820 2552 846 2586 ut
857 2542 945 2587 utilitas
956 2542 1012 2587 inde
1022 2541 1054 2587 ad
1064 2554 1103 2586 me

163 2608 280 2653 redundet
289 2608 302 2662 ;’
319 2608 448 2667 cujusmodi
459 2606 565 2652 homines
577 2600 776 2669 ἰδιοπράγμονας
785 2613 870 2651 vocant
881 2606 964 2652 Graeci.

199 2671 298 2717 11-13.
318 2667 447 2732 [descendi]
467 2672 597 2730 Usurpatur
607 2671 637 2716 de
647 2685 681 2725 re,
692 2685 763 2730 quam
774 2671 852 2715 minus
863 2672 958 2730 dignam
969 2669 1102 2715 nobiscen-

164 2745 241 2783 sentes
252 2750 323 2795 prope
335 2736 402 2781 iuviti
413 2735 560 2794 suscipimus,
578 2736 620 2781 sed
631 2742 709 2780 tamen
722 2743 817 2795 propter
828 2744 903 2781 certas
914 2750 994 2781 causas
1004 2734 1104 2792 abjicere

164 2816 211 2847 non
223 2815 352 2860 possumus.
371 2801 418 2846 Cic.
432 2800 511 2845 Dicin.
524 2800 545 2854 l,
557 2800 588 2847 ad
602 2801 753 2846 amandam
769 2802 909 2847 desceadere.
942 2800 1015 2845 Frons
1029 2800 1103 2843 luter·

164 2867 221 2912 dum
237 2879 279 2924 pro
297 2865 453 2924 impudentis,
471 2865 605 2924 insolentia,
621 2864 697 2910 fastu:
715 2866 778 2911 unde
789 2862 891 2924 frontem
906 2861 1033 2925 perfricare
1044 2864 1103 2908 ‘im-

164 2930 279 2990 pudenter
288 2943 313 2974 ae
325 2930 421 2987 gerere‚’
432 2938 456 2975 et
466 2930 489 2975 in
501 2930 629 2990 plebeculae
639 2929 766 2975 Latinitate
770 2926 838 2989 froas
848 2932 988 2990 erpadorata
998 2923 1103 2989 (Petroo.

165 2991 290 3054 39.)sroas
301 2995 389 3039 arbaaa
400 3009 434 3053 pr.
446 3002 480 3040 est
491 2997 549 3053 ejus,
565 2995 612 3054 qui,
629 2995 685 3054 quia
695 2995 720 3040 in
731 2997 788 3040 urbe
799 2994 864 3048 vivit,
881 2996 959 3040 minus
971 2993 1067 3039 timidus
1076 3006 1103 3039 aa

162 3061 282 3106 modestus
293 3066 328 3103 est
339 3058 426 3105 rustico
437 3074 463 3104 ac
474 3073 546 3118 prope
557 3059 648 3105 accedit
662 3061 693 3105 ad
710 3074 786 3105 morea
802 3074 942 3111 scurrarum,
954 3056 1103 3117 (quibuscum

159 3126 293 3185 jtrnguntur
310 3124 393 3169 urbani
409 3124 468 3181 Epp.
486 3123 507 3177 l,
527 3123 565 3180 lb,
583 3124 623 3179 27,
642 3132 667 3170 et
680 3125 755 3170 eraut.
769 3124 834 3169 Tria.
852 3124 872 3179 Ι,
884 3126 907 3180 2,
921 3123 985 3183 162.)
997 3123 1104 3181 quocirca

164 3190 283 3237 interdum
292 3188 327 3234 vel
339 3188 464 3247 potentiori
475 3188 550 3234 amico
558 3190 670 3235 molestus
682 3189 732 3235 fieri
744 3204 791 3235 non
802 3188 936 3234 reformidat
948 3198 973 3233 et
983 3188 1028 3233 boc
1038 3186 1101 3246 quasi

161 3256 200 3315 jus
218 3254 261 3300 sibi
279 3253 358 3307 sumit,
379 3260 406 3296 ut
427 3248 582 3298 confidentius
603 3269 629 3299 se
651 3262 718 3313 gerat
739 3269 792 3300 cum
814 3254 935 3299 omnibus:
959 3253 1015 3298 binc
1032 3251 1102 3297 facete

163 3322 265 3379 premia,
279 3319 341 3378 jura,
357 3317 485 3376 privileges.
519 3317 612 3363 ‘Ausus
622 3333 675 3363 sum
691 3320 780 3377 pudore
791 3318 896 3377 deposito
905 3318 976 3363 amici
987 3318 1058 3361 causti
1067 3317 1102 3361 vel

164 3384 335 3429 inverecundus
353 3377 560 3441 fieris—[Scribe
572 3380 672 3445 (unum)
687 3385 722 3429 lai
736 3382 828 3444 gregis]
847 3397 881 3442 pr.
893 3384 958 3441 ‘eius
977 3396 1061 3427 nomeu
1077 3382 1100 3427 iu

164 3448 244 3493 album
255 3448 382 3493 amicorum
398 3455 492 3492 tuorum
507 3446 587 3491 referri
598 3448 657 3505 jube
666 3447 680 3499 ι’
698 3449 790 3508 ‘recipe
801 3447 890 3493 eumin
901 3448 1022 3493 cohortem
1033 3446 1100 3491 comi·

164 3521 215 3557 tum
230 3513 340 3557 tuorum!
374 3511 411 3557 Sic
427 3510 490 3570 apud
502 3510 549 3557 Cic.
563 3512 591 3556 de
604 3512 643 3557 Or.
656 3512 679 3566 2,
689 3511 729 3570 62,
740 3521 764 3559 et
774 3513 805 3558 sd
818 3513 882 3558 ran.
894 3512 918 3568 7,
929 3510 969 3567 33,
980 3509 1070 3557 sodales
1079 3516 1101 3557 ct

164 3575 266 3636 equales
277 3578 387 3623 dicuntur
395 3576 535 3638 gregales.
569 3576 679 3637 Doerr'ag.
