2442 4059
108 259 249 325 nanta]
444 262 724 312 rurunensrsrm.
983 256 1050 329 217¹.

107 416 214 476 AEgaeunr
229 429 299 471 mare,
314 413 392 474 utqui
407 428 528 473 nunquam
544 415 663 469 rediturus
674 414 704 461 sit
717 414 743 460 in
753 414 861 474 patriam,
880 416 1003 463 nauclerus
1019 417 1045 465 in

106 489 247 540 perpetuum
267 479 326 524 mari
345 479 496 535 renuntiabit,
518 488 544 525 ut
562 479 659 526 fortasse
678 488 703 525 tu
720 488 815 540 propter
833 480 928 541 aliquod
948 483 1045 528 taedium

105 545 181 591 animi
193 545 293 591 Romam
305 558 425 608 nunquam
436 544 512 590 redire
525 545 662 591 decrevisti!

141 609 244 663 17-21.
274 605 409 669 [Incolumi]
435 610 552 668 ‘integra
573 625 636 657 sanae
657 608 743 655 mentis
763 609 862 666 homini,
886 610 1001 663 constanti
1020 619 1045 657 et

106 674 206 735 quieto!
231 675 303 720 Sobel.
335 674 373 719 ste
394 674 441 720 Sat.
453 675 477 730 2,
488 675 511 728 5,
524 674 561 730 13,
578 676 683 722 incolumi
699 676 774 734 capite
794 690 842 722 esse
860 676 986 736 opponitur
1006 676 1045 722 in-

105 739 243 787 sanin—⁶
254 738 302 788 Qui
315 738 388 797 igitur
405 738 469 784 domi
488 745 610 785 contentus
626 739 692 793 vivit,
710 739 872 799 pulcherrimis
887 740 933 786 illis
947 740 1045 787 Gracia

105 811 130 851 et
142 804 206 850 Asia
220 803 315 849 urbibus
330 817 396 862 aque
411 803 512 849 libenter
525 812 588 850 caret
602 818 630 849 ac
642 805 712 849 rebus
727 802 1043 867 molestissimla'-[Mity-

104 865 167 928 lene]
186 864 203 925 ἡ
214 865 312 929 μεγάλη
323 866 365 914 sal
376 866 441 925 καλή
451 875 546 913 vocatur
558 882 572 913 a
584 868 665 927 Longo
679 868 700 924 1,
713 868 733 913 l.
742 892 774 901 -
783 865 871 929 [fucit]
889 871 896 895 ‘
903 871 979 930 juvat,
989 881 1045 930 apta

104 933 157 981 est!
192 933 295 992 Propert.
317 932 340 985 3,
359 933 381 993 1,
401 932 440 987 20,
464 933 516 979 Non
526 930 602 993 sociat
619 934 690 993 capiti
707 934 767 978 dara
784 948 864 979 corono
881 949 934 980 saco.
960 936 996 980 l’r.
1014 936 1044 981 de

103 997 297 1045 medicamentis:
316 997 375 1043 Plin.
387 997 472 1056 22,10,
487 1000 619 1044 cbamaelaon
630 995 693 1058 socii
709 998 741 1043 od
756 998 911 1055 difficultatem
927 1002 1044 1045 urina.-

105 1058 232 1125 [Paeaulo]
257 1062 327 1108 vestis
345 1062 474 1121 gausapina
494 1062 531 1107 vel
552 1070 650 1118 scortea,
672 1062 719 1121 qud
739 1076 810 1121 super
828 1063 931 1107 tunicam
949 1065 1045 1123 accepti

104 1136 214 1187 tempore
228 1126 347 1186 frigidiore
362 1141 403 1188 per
418 1127 503 1173 itinera
518 1128 658 1181 utebantur;
674 1141 716 1187 per
734 1134 838 1172 estatem
852 1134 946 1187 propter
963 1129 1044 1187 spissi·

104 1192 215 1237 tudinem
235 1191 332 1237 molesta
350 1199 407 1238 erat.
443 1192 530 1238 Contra
544 1198 667 1253 campestre
682 1189 871 1251 (subligaculum,
890 1188 1044 1254 κατάζωμα),

104 1256 232 1316 inguinum
253 1257 410 1303 velamentum
431 1256 538 1312 linteum,
557 1273 603 1317 quo
622 1258 775 1316 cingebantur
789 1258 889 1316 iuvenes
907 1256 933 1302 in
955 1257 1045 1317 Campo

105 1321 203 1375 Martio,
222 1321 279 1367 nudi
297 1336 393 1381 corpora
409 1330 544 1368 exercentes
561 1323 596 1367 vel
616 1322 720 1368 Tiberim
739 1318 1042 1384 denotantes-[Sextili]

104 1386 230 1445 Augustus
247 1386 334 1432 mensis
346 1379 440 1433 Sextilis
456 1387 551 1432 demum
562 1398 586 1433 a.
599 1399 623 1433 u.
636 1398 656 1432 c.
668 1385 716 1441 746
731 1386 861 1447 appellatus
872 1394 953 1432 eat-
961 1383 1044 1447 [comi-

104 1446 162 1511 nus]
187 1450 276 1497 foculus
300 1466 352 1496 cum
371 1451 462 1511 prunis,
480 1451 527 1511 qui,
546 1460 572 1497 ut
590 1452 690 1508 ridetur,
709 1466 738 1497 ex
754 1466 801 1496 uno
818 1451 932 1498 conclavis
950 1451 999 1497 loco
1017 1452 1043 1498 in

103 1516 207 1562 alterum
218 1515 337 1563 transferri
348 1524 448 1575 potaron
460 1515 567 1575 qualibus
579 1517 651 1562 etiam
662 1530 724 1561 nunc
731 1524 829 1561 utuntur
840 1511 1042 1577 tart-[am]

104 1581 188 1627 ‘Dum
199 1580 279 1627 Roma
290 1580 389 1626 vivimus
405 1580 490 1636 felices,
508 1581 631 1627 laudemus
646 1594 702 1627 sane
715 1594 819 1627 amoerms
834 1590 858 1627 et
872 1582 981 1642 pulchras
992 1581 1044 1627 illas

103 1647 185 1701 urbes,
206 1659 249 1691 nec
267 1653 345 1691 tamen
367 1645 510 1705 abripiamur
531 1645 579 1691 ullo
600 1659 639 1693 aas
658 1646 747 1691 visendi
766 1643 1042 1707 desiderio.’-[odsens]

103 1712 110 1735 ⁸
120 1711 202 1772 procul
213 1710 258 1756 sita
269 1724 283 1756 a
293 1710 368 1769 patrii
378 1710 473 1757 nostrd’

139 1774 242 1821 22-30.
269 1777 397 1823 Fartunure
413 1776 508 1820 verbum
520 1782 555 1820 est
567 1774 718 1821 formularum
730 1774 898 1834 religiosarum.
932 1774 1043 1824 Afranius

102 1840 170 1899 apud
187 1840 248 1887 Non.
265 1855 288 1899 p.
309 1839 362 1896 109,
384 1840 456 1886 blerc.
486 1839 546 1885 Deos
562 1856 602 1901 ego
620 1840 690 1885 omnis
707 1846 733 1886 ut
743 1835 898 1900 swtunosss'nt
915 1856 1043 1900 precor.—

104 1900 221 1965 [orbiter]
239 1905 295 1964 ‘qui
310 1918 375 1951 mare
393 1905 462 1964 longe
472 1914 604 1963 prospectat
622 1904 702 1963 itaque
717 1906 767 1964 ejus
784 1905 855 1951 veluti
871 1906 979 1951 dominus
992 1907 1044 1952 est'

102 1992 137 2005 ·-·
149 1964 258 2031 [Graium
280 1984 323 2015 aon
339 1966 448 2030 animam]
467 1969 589 2015 AEschines
610 1969 663 2015 adv.
684 1970 787 2030 ctesiph.
808 1985 831 2029 p.
847 1969 903 2029 407,
919 1971 995 2017 Bekls.
1013 1968 1044 2017 oli

103 2030 156 2097 γὰρ
173 2032 219 2081 τὸν
237 2033 340 2096 τρόπον,
359 2029 428 2080 data
450 2032 496 2081 τὸν
516 2030 598 2081 τόπον
615 2030 696 2094 μόνον
719 2031 1044 2096 parilitatem-[Strenuo

102 2096 204 2160 imru]
223 2099 305 2149 Qualis
322 2107 358 2145 est
375 2099 519 2145 ardalionum
539 2099 587 2145 vita
603 2098 716 2157 (Martini.
734 2100 758 2153 2,
774 2098 809 2159 7),
826 2100 865 2159 qui
882 2114 935 2144 cum
951 2113 1044 2159 semper

102 2164 196 2223 aliquid
218 2164 346 2210 moliuntur
367 2178 468 2224 moxque
490 2172 576 2210 temere
599 2163 692 2222 incepta
711 2164 830 2219 omittunt,
858 2162 917 2208 nihil
938 2177 1043 2222 unquam

102 2236 264 2289 assequuntur
275 2243 318 2275 nec
332 2228 469 2287 perficiunt:
485 2228 549 2288 quod
560 2241 633 2288 quum
643 2229 689 2287 ipsi
699 2228 812 2284 sentiunt,
823 2228 893 2273 tedio
903 2235 1043 2283 sacrentur,

102 2293 241 2353 fatigantur.
276 2294 319 2339 Per
329 2288 458 2356 ὄξΰμωρον
474 2294 561 2339 dictum
577 2302 621 2352 est,
638 2301 665 2337 ut
681 2292 740 2338 illud
758 2291 830 2337 Ennii
846 2292 908 2351 apud
928 2291 988 2338 Gell.
1004 2293 1041 2349 10,

105 2358 145 2412 10,
165 2358 241 2405 Otiose
254 2360 342 2420 negotio
357 2360 445 2405 animus
461 2361 538 2415 nescit,
554 2359 611 2419 quid
624 2358 684 2403 velit.
711 2357 792 2403 Senes.
802 2357 832 2402 de
847 2356 933 2415 Tranq.
946 2355 991 2402 dn.
1005 2356 1044 2413 12,

103 2424 209 2485 inquieto
227 2425 316 2469 inertia.
334 2423 379 2469 Od.
393 2422 465 2479 1,³t,
481 2424 504 2478 2,
525 2425 640 2469 insaniens
655 2423 775 2481 sumentia.
790 2444 823 2454 -
837 2417 955 2481 [mbas]
974 2422 1042 2469 ‘Nos

102 2487 181 2535 maria
198 2495 222 2533 et
236 2495 309 2534 terras
325 2502 483 2548 peragramus,
498 2495 524 2533 ut
535 2488 594 2533 bene
609 2489 723 2545 beateque
736 2486 848 2540 vivamus,
865 2486 930 2545 qnasi
945 2486 969 2531 in
986 2485 1043 2533 loeta·

102 2553 218 2599 extremis
242 2560 312 2612 atque
332 2567 346 2597 e
368 2552 443 2613 patrii
465 2566 534 2611 quarn
556 2551 716 2597 remotissimis
737 2547 886 2610 tranquillius
904 2550 1042 2612 feliciusque

105 2617 191 2664 victuri
204 2631 273 2677 quern
286 2617 365 2663 domi!
389 2613 641 2677 Laena—[Ulubris]
659 2630 716 2676 quas
734 2630 816 2662 nocuos
832 2615 889 2661 dicit
906 2616 991 2662 lunen.
1004 2616 1048 2674 10,

105 2681 163 2741 102,
176 2682 313 2742 oppidulum
330 2696 401 2741 prope
417 2682 513 2740 paludes
531 2682 673 2740 Pomptinas,
689 2680 760 2726 hodie
775 2681 885 2727 cisterno.
905 2680 954 2727 cfr.
966 2682 1042 2728 Plaut.

102 2746 162 2795 Aut.
175 2748 198 2803 2,
211 2747 233 2803 2,
245 2746 282 2803 10,
298 2747 349 2802 Pol,
360 2749 381 2793 si
391 2753 425 2793 est
436 2749 524 2794 animus
534 2758 619 2807 equus,
627 2748 685 2793 sotis
696 2747 771 2803 bobes,
783 2747 822 2807 qui
833 2747 887 2793 deae
894 2748 965 2792 siuas
973 2748 1055 2795 oetas.-

457 2938 619 2997 aristosa
635 2940 692 2987 1111.

137 3070 244 3119 Annuit.
271 3072 307 3119 De
325 3072 385 3118 lccio
401 3070 455 3118 ride
471 3070 599 3127 011120.
625 3069 687 3116 lluic
700 3070 802 3116 sodaletn
812 3085 889 3127 suum,
903 3070 1041 3131 Pompeium

103 3136 241 3199 Grosphum
254 3135 310 3199 (od.
322 3138 344 3194 2,
356 3135 391 3196 7),
407 3137 562 3189 commendat,
572 3142 667 3195 propter
678 3150 747 3194 quam
758 3136 832 3195 ipsam
843 3136 958 3182 rationem
968 3147 1041 3195 prope

102 3202 242 3249 incredibile
257 3210 300 3257 est,
322 3202 460 3261 interpretes
476 3210 531 3247 ante
548 3200 681 3247 Jacobainm
706 3199 815 3261 (excepto
830 3209 909 3247 minen
924 3197 1042 3258 GesneroJ

103 3282 154 3313 uno
169 3266 219 3313 fere
229 3282 269 3314 ore
280 3268 305 3314 in
321 3282 349 3313 eo
360 3267 511 3320 consensisse,
527 3274 554 3313 ut
565 3265 741 3321 contenderent,
757 3265 782 3310 in
794 3263 987 3311 commendaticii
996 3262 1040 3309 hac

102 3332 205 3393 epistola
216 3332 306 3379 Iccium
326 3340 445 3391 tamqnam
462 3331 580 3378 bominem
597 3330 725 3384 sordidum,
743 3344 848 3386 avarum,
864 3327 962 3384 fatuum,
981 3327 1039 3373 dicis

102 3397 176 3443 eausd
191 3404 216 3441 et
233 3404 329 3457 propter
347 3396 423 3442 nescio
441 3410 510 3456 quarn
528 3396 598 3443 animi
618 3395 744 3441 vanitatem
758 3393 911 3454 philosophie
925 3391 1039 3448 deditum,

103 3461 204 3507 describi
214 3470 297 3508 etcum
309 3460 395 3520 insigni
407 3460 557 3507 mordacitate
567 3456 839 3516 derideri,'niuttominus
848 3456 956 3503 videlicet
963 3464 1038 3516 poete

103 3526 254 3573 amicum-
263 3526 353 3587 Scripta
362 3532 398 3571 est
410 3537 434 3572 a.
444 3536 468 3572 u.
479 3537 501 3571 c.
512 3524 566 3580 7³4.

139 3590 209 3637 l-a.
228 3585 375 3651 [Fructibus]
400 3590 475 3637 Iccius
486 3600 542 3637 tunc
552 3596 603 3635 arat
611 3596 746 3648 procurator
756 3586 896 3647 prediorum
908 3584 1040 3632 Siculorum

15 3664 16 3669 ’
106 3654 140 3703 11.
150 3655 270 3716 Agrippa,
288 3670 388 3716 qnorum
406 3655 435 3702 de
445 3654 559 3702 reditibus
569 3661 621 3701 rats
635 3668 689 3713 pars
702 3660 820 3712 tamquam
830 3650 1041 3761 pdminisnadonis
