2442 4059
174 243 239 309 248
504 244 787 293 mussansrsrro.
862 194 880 229 ⁶
1031 241 1127 307 [urar.

175 396 305 453 Tarentini,
322 397 375 443 aO.
394 394 461 443 Livio
479 397 607 445 Salinatore
626 399 656 444 ob
672 395 762 455 ingenii
778 394 889 443 meritum
906 394 1016 441 libertate
1037 396 1125 451 donati,

175 460 216 520 qni
239 474 295 507 ab.
308 474 330 507 c.
347 462 402 515 ult.
419 476 481 508 anno
499 470 554 509 ante
576 462 680 508 Ennium
700 461 791 517 natum,
807 461 897 520 primus
917 461 1001 506 tromae
1021 460 1125 506 fabulam

175 525 263 585 docuit,
282 527 457 585 Odysseamque
480 527 504 572 in
528 527 638 573 Latinum
660 525 774 571 convertit
791 525 895 571 versibus
916 525 1042 571 Saturniis.
1077 526 1125 571 Cic.

175 590 242 636 Brut.
256 590 295 645 18,
314 592 414 651 Odyssea
423 591 509 637 Latina
521 598 555 639 est
565 594 605 647 sic,
622 598 735 650 tamquam
745 606 800 650 opus
810 591 903 650 aliquod
913 590 1016 635 Daedali.

205 654 310 702 66-66.
328 652 406 716 [nimis
415 654 520 718 antique]
540 652 689 717 ’ἀρχαϊκῶς
699 654 724 699 in
736 656 839 707 modum,
850 655 892 713 qui
903 654 1013 713 praesenti
1024 668 1125 699 consue-

173 720 250 765 tudini
263 718 353 766 Latinae
364 721 495 779 repugnat!
529 722 567 767 Sic
577 722 649 767 etism
660 721 788 777 Augustus,
799 718 1014 779 quussententiam
1027 718 1125 778 pulchre

174 793 271 829 noverat
292 792 368 844 poeta,
390 786 503 832 cucaneloe
520 792 543 832 et
564 786 753 847 antiquarios,
769 791 795 830 ut
816 785 904 830 diuerso
922 798 1006 843 genere
1023 786 1124 838 uitiosos,

169 850 226 908 pari
234 844 334 907 fastidia
353 851 446 909 spreuit.
486 850 551 897 Suet.
571 851 623 895 Oct.
642 849 682 896 66.
696 872 730 881 -
742 844 863 909 [puraque
885 846 906 907 (‘
920 845 1057 907 permultu'
1078 861 1125 893 non

174 913 318 972 ‘plurima')
337 911 406 976 dure]
425 914 448 959 in
464 914 670 975 compositionibus
685 914 715 960 ab
731 914 828 973 reliqua
841 914 928 971 linguae
942 911 1023 957 indole
1038 912 1124 958 abbor-

173 977 286 1032 rentibus,
301 979 511 1025 constructionibus
526 979 650 1037 intricatis,
662 978 749 1024 scabris
766 977 877 1023 versibus.
887 1001 920 1010 —
930 972 1040 1037 [ignaue]
1058 977 1125 1022 ‘aine

173 1041 251 1087 nervis
268 1057 295 1089 ac
313 1043 443 1103 sanguine,'
464 1044 542 1104 qualia
560 1039 629 1106 ἀργὰ
645 1040 686 1089 aui
706 1039 752 1089 riv
771 1038 902 1098 ἀκροατὴν
920 1038 1024 1101 ἠρεμεῖν
1043 1037 1125 1087 tritura

173 1106 280 1153 nominat
296 1108 366 1154 Dion.
387 1108 486 1168 Longin.
507 1108 546 1165 34,
565 1109 588 1163 l,
609 1122 656 1153 non
677 1107 734 1153 satis
749 1104 933 1165 ‚malinrmd—
944 1102 1123 1167 [doce-waso]

172 1170 293 1231 ‘Propitio
309 1172 368 1228 sibi,
386 1173 445 1219 Jove
461 1174 557 1233 quidem
575 1174 636 1219 irato
652 1173 686 1227 lit,
705 1180 731 1217 ut
746 1180 825 1217 errent
841 1171 948 1216 homines
964 1184 992 1215 ac
1006 1170 1124 1217 delirent!
1201 1223 1202 1240 ,

172 1235 257 1295 Paruit.

205 1300 308 1357 69-72.
327 1300 447 1364 [insector]
471 1303 594 1355 Construe,
610 1302 664 1347 Noa
678 1303 776 1348 insector
790 1302 892 1347 carmina
902 1300 966 1347 Liuii
983 1299 1125 1360 delendaque
1201 1297 1202 1310 ³

173 1380 202 1411 ea
217 1382 265 1413 esse
281 1383 339 1423 reor,
356 1367 380 1412 id
395 1375 438 1423 est,
457 1370 523 1413 ‘non
540 1366 650 1425 equidem
666 1374 714 1411 tam
730 1364 821 1411 infenso
835 1379 888 1409 sum
903 1365 984 1410 animo
996 1362 1021 1409 in
1034 1372 1124 1409 veteres

172 1439 263 1477 nostros
283 1440 370 1491 poetas,
393 1440 418 1476 ut
434 1432 535 1492 exempli
551 1432 628 1490 gratiis
647 1430 707 1476 Livii
726 1429 855 1476 Andronici
873 1430 960 1489 scripta
975 1427 1125 1474 obliteranda

172 1503 236 1541 etex
249 1496 369 1541 hominum
381 1496 488 1542 manibus
499 1496 523 1542 in
535 1506 674 1556 perpetuum
689 1494 851 1553 extorquenda
860 1493 984 1540 censeam.r
1018 1492 1124 1539 Orbilius

172 1560 279 1619 Pupillus
290 1569 377 1615 autem,
391 1568 449 1606 teste
461 1562 524 1607 Suet.
536 1562 641 1607 Gramm.
652 1561 675 1615 9,
692 1559 795 1619 primurn
806 1558 923 1617 apparitor
934 1558 1124 1617 magistratuum,

173 1624 227 1670 dein
240 1624 314 1679 miles,
332 1634 474 1684 postremum
490 1626 581 1678 studiis,
600 1639 653 1683 quse
666 1626 716 1685 Jam
733 1624 814 1669 indes
829 1638 902 1682 puero
914 1637 961 1669 non
972 1623 1057 1668 leviter
1066 1622 1123 1667 atti-

171 1697 245 1747 serat,
264 1688 376 1749 repetitis,
388 1689 581 1750 quinquagesimo
592 1691 687 1736 demum
698 1703 761 1735 anuo
773 1689 873 1733 Romam
884 1688 954 1735 rediit
965 1702 990 1733 u.
1000 1700 1024 1733 u.
1033 1699 1055 1733 c.
1067 1686 1124 1743 691,

171 1752 231 1798 adeo
243 1762 276 1807 ut,
287 1769 360 1813 quum
374 1755 561 1801 Horatiusnatus
572 1768 592 1799 a.
604 1753 660 1809 669,
671 1768 726 1799 eum
737 1753 819 1798 audire
830 1761 920 1811 poterat
931 1751 967 1812 (a
976 1764 1030 1798 u.c.
1043 1752 1125 1807 794—
1201 1793 1202 1814 ,

172 1814 240 1875 706),
261 1818 385 1864 minimum
404 1830 565 1865 arimannos
587 1827 656 1864 natus
677 1813 939 1877 esset-[plagosum]
965 1818 1002 1863 De
1023 1816 1123 1875 antiqui

171 1880 304 1927 scholarum
315 1881 439 1942 disciplini
450 1884 491 1930 cir.
505 1884 578 1930 Plaut.
591 1883 702 1929 Bacchid.
713 1882 736 1937 3,
748 1882 773 1941 3,
782 1880 822 1938 27,
839 1883 879 1927 ubi
893 1884 1015 1940 revenisses
1025 1881 1123 1937 doum
1201 1937 1202 1940 Ἰ

175 1945 302 1993 Cincticulo
318 1950 452 2006 procinctus
471 1951 496 1994 in
513 1949 571 1995 selld
587 1950 650 2007 apud
664 1950 797 2009 magistrum
811 1948 944 1999 udddmtt
964 1948 986 1992 Τ
985 1962 1022 1992 um
1039 1947 1123 1992 iiim

172 2011 264 2071 legeres.
298 2012 324 2057 Si
342 2026 410 2057 unam
425 2014 564 2071 peccavisses
579 2014 699 2073 syllabam,
720 2013 800 2059 Fieret
816 2012 901 2057 corium
914 2017 961 2057 tam
977 2012 1122 2066 maculosam,

172 2090 239 2135 quam
257 2081 291 2123 est
306 2077 402 2122 nutricis
414 2077 517 2135 pallium.
551 2078 615 2123 Suet.
629 2078 709 2123 (iram.
723 2077 746 2132 9,
765 2076 822 2123 Fuit
831 2082 907 2122 autem
918 2076 1022 2122 Orbilius
1032 2083 1123 2121 mura

132 2198 136 2205 Ι
171 2142 259 2187 werin
269 2156 312 2187 non
323 2141 420 2187 modain
430 2142 599 2201 antisophistas,
616 2157 671 2203 quos
686 2143 744 2187 omni
756 2156 855 2187 sermm
865 2142 983 2195 manavir,
1000 2141 1123 2186 sedetiam

171 2206 197 2250 in
207 2206 335 2266 discipulos,
347 2211 374 2251 ut
384 2206 496 2252 Horatius
507 2208 621 2267 significat
630 2208 774 2267 plagosum
785 2221 835 2251 eum
844 2206 996 2265 appellasset
1007 2205 1123 2251 Domitius

171 2269 265 2316 Marsua
281 2272 381 2317 scribens
404 2271 519 2332 Siquos
538 2271 667 2317 Orbilius
682 2266 783 2329 feruld
805 2272 973 2331 scuticdque
996 2270 1122 2323 cecidit,

172 2335 214 2380 &n
224 2358 257 2368 -—
267 2332 379 2397 [dictare]
398 2331 611 2399 dnoarounrilerv
623 2336 689 2380 Plato
701 2334 805 2393 Euthyd.
822 2350 844 2394 p
856 2334 911 2389 276,
930 2334 957 2379 O.
975 2336 1049 2380 ‘voce
1058 2334 1122 2381 lente

171 2398 263 2457 praeire,
286 2409 312 2445 ut
329 2400 418 2446 calamo
436 2400 599 2459 exciperentur
619 2410 650 2453 et,
668 2399 784 2458 explicata
805 2412 878 2458 quuru
896 2407 982 2452 essem,
1001 2398 1122 2444 memoria

171 2462 393 2509 mandarentur.’—
400 2460 511 2526 [exactis]
529 2459 733 2526 ἐξειργασμένοις,
744 2458 955 2526 διακριβυμὲνοις,
965 2462 1081 2522 perfectis.
1089 2484 1123 2496 -

173 2524 266 2587 [miror]
286 2528 350 2573 lderu
363 2529 414 2587 lam
424 2528 500 2575 iuerat
511 2529 631 2575 Ciceronis
642 2528 758 2588 Judiciuur
769 2528 908 2574 nominatim
924 2529 955 2573 de
967 2526 1044 2587 Livio,
1056 2528 1123 2573 Brut.

173 2589 211 2642 16.
229 2588 426 2651 Liuianoesabulae
436 2609 480 2639 non
490 2595 548 2649 sotis
559 2593 642 2654 dignu,
653 2608 702 2654 qua
714 2594 796 2640 iterum
806 2594 920 2653 legantur.

203 2654 306 2709 73-76.
324 2653 439 2719 [emicuit]
465 2658 547 2703 ‘inter
563 2672 617 2717 quae
636 2659 740 2704 carmina
761 2656 821 2702 Livii
842 2665 866 2702 et
886 2665 964 2703 cetera
984 2656 1123 2715 antiqusai

171 2722 268 2765 verbum
284 2735 313 2765 ex
326 2722 443 2780 insperato
459 2722 566 2782 apparuit
582 2732 606 2767 et
621 2737 668 2781 prae
681 2721 764 2768 ceteris
780 2721 961 2781 pulchritudiuis
977 2736 1026 2767 auce
1044 2720 1123 2781 specie

170 2783 276 2830 animuin
287 2785 378 2831 lectoris
389 2787 419 2832 ad
429 2801 455 2832 se
466 2786 584 2833 advertit?
616 2787 730 2846 intelligit
741 2784 870 2846 praesertim
887 2787 958 2831 verbs
973 2785 1074 2831 feliciter
1084 2785 1123 2831 vel

170 2847 275 2894 derivata
293 2851 329 2896 rei
348 2851 481 2911 composita.
497 2876 529 2887 -
547 2848 699 2912 [cmcianior]
726 2852 791 2897 'non
812 2851 889 2896 solum
910 2850 997 2908 regulis
1017 2848 1123 2896 metricis

168 2911 320 2969 satisfaciens,
332 2929 413 2961 verum
425 2916 495 2961 etism
507 2931 564 2962 sono
574 2916 625 2974 ipso
636 2916 731 2962 auribus
738 2923 819 2974 gratus
829 2930 856 2960 ac
867 2915 908 2969 rei,
919 2929 990 2974 quarn
1001 2914 1123 2974 exprimit,

169 2992 263 3037 prorsus
274 2979 469 3026 conveniens.’-
478 2977 567 3042 [ducit]
585 2980 650 3025 ‘stne
667 2982 738 3027 causi
755 2988 779 3026 et
793 2977 910 3025 immerito
921 2982 991 3025 rerba
1005 2988 1031 3025 et
1041 2994 1123 3026 versus

168 3041 258 3100 aliquot
269 3042 359 3101 pulchri
371 3058 450 3089 secum
461 3046 551 3091 ducunt
562 3054 636 3091 totum
648 3059 739 3103 poema,
755 3058 802 3105 quo
813 3044 863 3090 sine
878 3044 914 3089 iris
924 3043 981 3090 locis
990 3044 1123 3090 illustribus

169 3106 292 3166 pervenire
310 3121 356 3152 non
372 3115 455 3166 posset,
473 3110 497 3154 id
508 3120 551 3164 est,
567 3110 591 3155 in
609 3110 707 3164 theatra,
724 3109 750 3154 in
763 3108 966 3167 grammaticorum
978 3109 1078 3163 scholas,
1095 3108 1123 3153 in
1200 3139 1201 3160 ,

169 3170 314 3230 privatorum
327 3186 420 3231 quoque
437 3171 595 3229 bibliothecas,
612 3182 683 3233 atque
696 3174 752 3219 talia
768 3173 794 3219 in
808 3174 859 3219 loca
869 3174 1007 3232 perductum
1022 3175 1124 3220 undat

170 3249 188 3281 s.
204 3234 376 3292 commendant,
393 3237 530 3296 applausum
549 3239 571 3284 ei
589 3238 730 3284 conciliant'
766 3238 867 3284 Vendere
883 3237 946 3282 enim
964 3247 988 3283 et
1003 3240 1123 3285 uenditare

165 3314 247 3359 poema
258 3302 293 3346 vel
304 3303 425 3347 orationem
436 3310 471 3346 eat
483 3305 552 3347 ‘eam
564 3303 743 3349 commendare!
776 3302 825 3349 Cic.
835 3302 865 3347 sd
878 3302 925 3347 Att.
939 3300 978 3360 1³,
989 3300 1028 3356 12,
1046 3303 1123 3363 Liga-

168 3366 259 3411 rianam
278 3367 389 3426 praeclara
409 3368 539 3413 vendidisti.
568 3368 605 3413 Art
625 3369 675 3413 Att.
693 3367 715 3422 l,
733 3365 773 3425 16,
798 3367 870 3413 Valde
886 3372 908 3412 te
926 3367 1050 3413 uenditaui.
1083 3366 1123 3413 stc

169 3430 289 3475 vendibilis
300 3437 376 3477 arator
387 3431 435 3477 cic.
446 3430 511 3477 Brut.
522 3432 562 3487 47,
580 3431 727 3491 ‘probabilia
738 3429 780 3491 qui
792 3431 878 3490 populo
889 3430 980 3491 placet.’

203 3492 241 3547 76,
254 3493 292 3547 77.
311 3492 411 3557 [marae]
429 3505 455 3541 ut
472 3500 550 3542 massd
561 3496 668 3543 Minerod
684 3495 744 3556 (Sat.
753 3497 775 3551 2.
785 3496 851 3555 ab).
872 3495 920 3541 (lic.
932 3495 962 3540 ad
974 3495 1041 3541 Fam.
1049 3495 1075 3554 9,
1083 3494 1122 3549 la,

169 3552 199 3601 de
210 3558 253 3601 suri
265 3558 430 3607 Deiotariani:
447 3562 601 3607 munusculum
611 3562 730 3616 koidenae,
747 3560 880 3620 crussaJila.
912 3557 1026 3609 Quinctil.
1044 3558 1067 3615 l,
1084 3558 1122 3615 lO,
