2442 4059
139 265 201 332 142
467 261 750 311 munnrnnrnrro.
1010 261 1078 327 [aa

138 419 235 466 Garrire
243 421 322 463 autem
334 422 370 462 eet
380 429 486 462 sermone
496 414 639 476 quotidiano,
648 413 749 474 eleganti
760 411 864 474 quidem,
874 414 917 461 eed
927 413 997 471 facili,
1009 415 1046 462 uti
1056 415 1081 462 in

137 482 309 531 conscribendie
320 480 413 528 sabulie.

170 547 273 595 te-tt.
291 544 424 608 [Fundani]
442 546 469 591 c.
483 543 620 591 Fundanius
637 536 843 604 prestantissimae
860 551 928 604 poeta
943 544 1047 592 comicae
1058 553 1083 592 et

138 611 275 660 Maecenatie
295 611 384 658 amicus
406 611 466 670 (Sat.
481 611 504 666 2,
521 610 545 665 8,
564 608 612 670 19.)
636 619 692 655 tuuc
714 608 842 655 excellebat
863 609 889 654 iu
909 611 1030 656 comoediis
1052 611 1083 657 ad

138 676 272 732 Menandri,
290 675 441 729 Philemonis,
458 675 549 736 Diphili
567 673 675 734 exempla
691 674 865 733 componendis,
880 673 905 719 in
922 675 1007 733 quibue
1022 691 1084 736 pree·

138 743 213 802 cipure
224 750 301 802 parter
314 748 382 786 erant
397 739 534 786 callidarum
552 740 753 785 meretricularum
769 747 946 798 aetutorumque
961 754 1083 787 terrorum

138 822 205 854 renes
223 801 554 866 emungentium-[Pollio]
577 805 603 850 (l.
623 803 719 850 Aeiniue
741 803 822 857 Pollio,
843 812 929 859 orator,
949 804 1083 861 historicae,

138 880 208 932 poete
223 871 332 930 tragicus.
366 870 394 916 V.
407 870 450 916 Od.
462 870 484 927 2,
496 870 559 916 1.-
569 865 639 930 [pede
656 875 691 915 ter
704 864 822 928 percura]
841 869 990 927 “Trrgoedie
1000 870 1084 916 trime·

139 937 181 983 trie
196 936 302 983 verribne
316 933 436 996 (renariie)
453 935 501 980 iere
518 933 629 980 territuri·
648 934 730 980 Gener.
743 933 812 994 Craq.
847 932 944 979 Tibicen
960 943 1041 980 autem
1057 935 1083 981 in

138 1001 237 1061 cingulis
249 1001 350 1060 dipodiie
360 1001 419 1060 pede
430 1013 539 1059 percurso
551 1012 662 1044 numeror
679 997 728 1058 (tlte
739 994 852 1057 medeare)
868 996 1002 1053 indicabrt;
1019 1000 1083 1045 unde

135 1067 252 1128 peraareio
263 1065 326 1111 idem
343 1073 414 1124 atque
429 1064 496 1119 ictor,
513 1063 621 1124 κροῦσις.
630 1087 664 1097 -
674 1059 752 1124 [acer]
765 1061 974 1125 ‘fervidue,'fiery.
999 1064 1026 1110 L.
1036 1065 1085 1110 Vr·

138 1131 187 1178 riue
205 1129 262 1190 (Od.
275 1130 297 1186 1,
309 1129 333 1186 6,
348 1129 380 1190 1.)
398 1143 491 1174 carmen
502 1128 594 1188 epicum
605 1128 635 1174 de
646 1127 744 1174 anarie
754 1135 830 1173 morte
840 1136 864 1173 et
877 1127 1047 1187 Panegyricum
1058 1129 1084 1174 in

139 1196 292 1243 Octavianum
307 1203 480 1254 composueratr
498 1194 626 1252 Thyestem
641 1201 698 1239 tuuc
711 1192 816 1238 noudum
825 1192 920 1238 videtur
934 1193 1084 1240 edidisse.—

141 1257 230 1324 [dacit]
242 1259 308 1319 ‹puasi
320 1274 334 1305 a
345 1259 429 1304 nendo.
447 1258 507 1318 Epp.
519 1259 542 1313 2,
556 1258 577 1311 1,
588 1258 643 1314 2211,
654 1259 717 1304 terrai
727 1259 825 1304 deducta
833 1259 990 1317 paenatafila.

171 1326 275 1373 lo—tu.
293 1322 417 1387 [Virgilio]
434 1324 473 1382 qui
492 1331 547 1368 tunc
563 1321 670 1368 ediderat
687 1322 795 1368 Bucolica
811 1331 835 1367 et
846 1323 968 1382 Georgica,
980 1320 1084 1370 AEueide

139 1389 164 1436 in
176 1391 283 1437 manibur
294 1390 402 1436 habebat.
434 1387 484 1434 lllir
494 1386 576 1433 tribuit
586 1386 679 1433 dicendi
694 1401 768 1444 ganne
784 1387 848 1434 nolte
865 1384 995 1447 (tenerum)
1012 1397 1084 1448 etque

132 1453 237 1518 sacetarn
253 1453 396 1514 (venustum,
405 1449 522 1514 grateful)
534 1451 680 1508 Quinctilii,
692 1451 715 1504 3,
726 1452 766 1505 20,
777 1451 923 1498 Facetam
937 1467 1025 1514 quaque
1039 1469 1085 1500 non

140 1527 228 1568 tantam
242 1522 305 1567 circa
321 1519 421 1564 ridicula
439 1519 518 1578 opinor
534 1519 662 1564 caneietere.
696 1517 776 1578 Neque
792 1517 851 1563 etrier
869 1517 956 1564 diceret
970 1517 1085 1565 Horam

133 1583 256 1647 faceta
265 1600 286 1630 m
307 1585 414 1630 carminis
434 1597 507 1644 genae
526 1584 611 1628 natura
632 1597 757 1629 concrema
778 1595 826 1627 erre
850 1581 953 1642 Vergilia.
987 1583 1084 1632 Decarie

139 1653 198 1696 lana
208 1651 281 1711 magis
292 1655 320 1695 et'
332 1649 427 1694 eeaalta
441 1645 560 1709 eajarrlarn
576 1648 697 1709 elegantia
709 1647 881 1706 appellationem
894 1653 997 1706 pata—
1006 1644 1084 1709 [Var-

138 1711 205 1774 rone]
224 1715 248 1760 Ρ.
263 1713 386 1759 Terentius
398 1713 471 1758 Varro
486 1711 598 1758 Atacinus
618 1712 659 1766 (ab
677 1713 757 1767 Atace,
772 1710 856 1756 Gallia
872 1711 1032 1758 Narboueueir
1047 1709 1085 1771 d.)

141 1791 165 1826 e.
185 1791 211 1824 υ.
230 1790 253 1825 c.
272 1776 407 1832 cte—717.
441 1777 607 1835 Argonautica,
629 1776 778 1822 landabiliter
799 1775 949 1835 Apollonium
968 1774 1084 1835 imitatur,

140 1856 233 1890 carmen
255 1844 284 1888 de
307 1843 405 1888 Caesarie
426 1841 487 1886 bello
511 1840 659 1900 Aquitanico,
681 1840 776 1899 elegiae,
803 1840 886 1886 eetirae
907 1842 1085 1900 conecriprerot.

141 1907 253 1959 Quinctil.
267 1907 303 1961 10,
316 1906 337 1959 l,
349 1905 429 1961 87.-
439 1902 527 1965 [Atpae
542 1907 676 1966 quibasdam
690 1903 756 1967 aliie]
774 1905 839 1954 Quoe
855 1905 972 1964 significet
987 1905 1084 1965 ignore·

140 1987 201 2026 mue,
212 1972 307 2017 lortaere
320 1971 419 2016 Savium
432 1969 581 2027 Nicanorem,
598 1969 668 2015 Sullre
679 1972 800 2029 aequalem,
812 1969 821 1996 ⁴
827 1972 868 2031 qai
876 1973 972 2017 eatiraar
982 1973 1085 2032 rcripeit,

140 2039 165 2085 in
183 2041 229 2100 pani
246 2038 351 2084 libertam
368 2049 392 2081 re
409 2035 527 2080 indicabat
537 2031 615 2096 (Suet.
627 2035 731 2080 Gramm.
743 2033 787 2092 t.)'
799 2042 823 2080 et
837 2035 895 2080 alioe
913 2049 966 2082 tuoe
982 2037 1085 2095 aequalce

140 2105 207 2150 nobis
218 2103 356 2162 ignotoe-
365 2095 520 2160 [Haerentem]
539 2098 574 2144 ‘ei
589 2099 675 2144 merito
689 2099 799 2156 debitam,
810 2100 870 2146 adeo
880 2109 915 2157 ut,
928 2114 957 2146 ne
968 2100 988 2147 ei
999 2102 1085 2147 vellem

141 2168 244 2228 quidem,
254 2181 308 2213 eum
320 2167 362 2212 hac
374 2165 442 2210 laude
454 2163 553 2224 apoliote
564 2163 672 2223 pausem.⁸

173 2235 277 2280 ott-oo.
296 2227 392 2292 [fluere]
418 2230 466 2276 Sat.
484 2227 505 2284 l,
525 2227 549 2285 d,
569 2227 606 2283 ll,
627 2227 750 2274 ‘torrentia
766 2228 840 2275 inetur
854 2243 935 2277 recum
951 2229 1086 2276 trahentem

139 2299 209 2359 plura
225 2298 321 2358 quidem
339 2295 467 2341 recidenda
483 2292 664 2340 eerraudia’-
676 2289 779 2355 [dara]
802 2294 927 2341 ‘criticae'
961 2295 1086 2354 Ejoemodi

140 2362 333 2423 repreheuriouee
345 2359 441 2406 llomeri
452 2373 484 2405 ex
494 2357 573 2405 schola
582 2359 794 2404 Grammaticorum
805 2357 1017 2405 Alexandrinorum
1029 2374 1086 2419 pro-

140 2427 207 2474 iectae
218 2427 348 2486 complures
360 2424 512 2470 inveniuntur
527 2423 552 2468 in
569 2423 668 2469 Scholiie
680 2423 783 2470 Venetia.
793 2447 827 2456 -
839 2421 931 2485 [carnia]
944 2423 1044 2470 refertur
1054 2423 1086 2471 ad

140 2491 205 2537 illam
217 2491 289 2537 animi
303 2489 439 2546 bonitatem,
450 2501 521 2548 quam
537 2487 622 2534 merito
638 2488 664 2533 in
677 2502 705 2534 eo
716 2489 796 2535 laudat
807 2489 855 2534 Sat
866 2489 889 2545 2,
902 2488 923 2545 l,
934 2488 967 2534 80
977 2502 1087 2548 eeqq.-·

143 2553 240 2617 [mutat]
265 2555 421 2600 ‘mutandum
445 2568 464 2600 r.
487 2552 650 2612 corrigendum
672 2553 755 2599 euadet
774 2554 799 2598 in
818 2553 844 2599 L
862 2553 928 2599 Accii
946 2554 1085 2612 ragadia·

142 2621 224 2667 ‘idem
238 2618 356 2674 Lucillus,'
373 2616 459 2677 iuquit,
474 2617 585 2663 ‘minime
599 2618 700 2663 abetinet
710 2632 725 2663 a
738 2617 872 2664 deridendie
889 2618 961 2663 Ennii
978 2619 1088 2666 rereibot

141 2685 220 2732 minua
242 2684 351 2744 gravibus
370 2697 441 2742 quam
460 2683 550 2742 reliqua
569 2682 620 2741 ejus
637 2690 661 2728 et
679 2682 775 2728 omnino
794 2683 854 2744 epici
870 2682 963 2742 generie
982 2683 1086 2742 digniter

141 2749 247 2808 requirit,
259 2756 286 2794 ut
294 2763 346 2794 curn
358 2747 430 2794 dixit:
443 2748 477 2793 At
488 2749 542 2793 taba
551 2748 651 2793 terribili
661 2749 736 2794 raaita
748 2753 894 2794 taratantara
902 2749 1025 2794 atate-0
1034 2748 1086 2795 Tite

142 2821 191 2862 tate
206 2815 259 2860 Tati
272 2814 314 2860 tili
325 2820 390 2859 tanta
401 2820 496 2874 tyranne
513 2812 587 2858 tallrti
597 2811 774 2859 Damna-telo
786 2813 911 2874 Trareaflgit
926 2826 1013 2872 corpur,
1030 2828 1088 2859 enea

142 2895 192 2928 aera
206 2880 335 2924 ceraminait
352 2877 429 2924 bran!
455 2876 483 2924 V.
496 2877 558 2923 Enni
574 2885 654 2922 autern
670 2877 770 2923 refertur
785 2884 809 2923 et
825 2879 855 2923 ad
867 2892 889 2923 v.
899 2891 977 2924 aerem
987 2884 1011 2923 et
1022 2879 1053 2922 ed
1063 2892 1086 2926 r.

140 2946 264 3006 grauitme.
274 2965 307 2977 --
320 2938 431 3003 [hqaitar
441 2957 485 2988 nan
496 2948 522 2988 at
532 2939 617 3004 majore
627 2938 752 3003 repremit]
770 2943 828 2988 ‘nec
841 2949 919 2987 tamen
932 2941 1036 2988 Luciliue
1052 2942 1087 2988 ita

142 3009 253 3070 loquitur,
263 3007 330 3067 quari
341 3007 387 3052 illie
398 3009 473 3066 major
487 3006 531 3059 rite
548 3020 626 3067 neque
642 3014 749 3065 egotam
765 3020 818 3052 eum
834 3020 953 3065 arrogent,
969 3014 1004 3059 ut,
1022 3009 1088 3067 quod

142 3075 231 3121 inculta
248 3081 273 3119 et
290 3071 460 3130 negligentiore
476 3071 583 3131 quiedam
603 3071 629 3117 in
645 3071 729 3117 Lucilli
747 3071 828 3117 Satirie
844 3069 904 3128 dico,
919 3085 958 3117 me
973 3071 1008 3117 illi
1025 3087 1087 3132 pre·

142 3138 232 3187 ieram!
729 3174 736 3188 ,

175 3203 216 3262 57,
226 3203 266 3250 58.
279 3197 343 3262 [narn
354 3196 428 3260 illiue]
441 3201 511 3245 ‘num
522 3198 585 3245 illiue
595 3199 717 3259 ingenium
725 3213 752 3246 ec
763 3200 860 3247 ircultre
871 3200 961 3260 poetice
972 3214 1020 3246 uon
1031 3200 1088 3248 eatle

143 3269 245 3329 benigna
262 3267 386 3324 minorque
403 3271 458 3324 apta
474 3264 504 3310 ed
521 3265 619 3325 pulchra
635 3272 742 3325 poemata
758 3266 925 3326 componenda,
943 3279 999 3311 num
1015 3279 1088 3325 argu·

143 3344 276 3381 mentorum
291 3331 394 3391 ipsorum
412 3328 512 3374 difficilie
527 3337 597 3388 etque
613 3330 706 3388 ingrate
720 3337 804 3378 natura
819 3329 845 3376 in
862 3332 933 3376 ornei
949 3329 1028 3386 tuerit,
1046 3340 1089 3376 crrr

143 3405 192 3444 tam
209 3401 300 3446 rcebroe
312 3408 391 3441 verene
402 3392 497 3440 fuderit.
530 3393 647 3439 Neutrum
663 3392 779 3454 proiecto:
796 3395 864 3454 culpe
881 3394 950 3456 huju·
966 3394 1001 3440 rei
1016 3395 1088 3442 unice

145 3462 294 3522 negligentia
306 3459 390 3508 Lucilii
401 3458 525 3504 tribuenda
535 3466 583 3504 eet:
601 3471 655 3502 nrm
672 3467 697 3505 et
712 3459 808 3519 ingenio
823 3459 905 3514 valuit,
921 3466 945 3505 et
961 3458 1044 3506 feetiva
1059 3473 1089 3507 rc

144 3525 223 3585 lepida
233 3533 371 3586 argumenta
382 3521 503 3570 motarit'
513 3545 547 3556 —
558 3517 730 3585 [Naar-aene]
748 3524 796 3570 duo
806 3524 857 3570 berc
867 3526 973 3570 membra
983 3521 1010 3570 ir
1021 3537 1089 3586 rap-

145 3586 262 3646 αλλήλου
278 3591 353 3652 poeita
369 3598 431 3644 runt,
447 3599 523 3646 neque
539 3599 594 3632 vero
610 3596 774 3647 opponunture
797 3603 910 3648 eoumque
927 3587 1013 3635 retinet
1033 3603 1090 3649 par·

147 3654 219 3704 tlcule
235 3655 291 3712 rim,
310 3663 337 3704 ut
354 3653 447 3715 negatio
465 3657 620 3714 exepectetur.
647 3651 685 3699 Sic
696 3651 761 3713 virg.
772 3653 830 3702 AEn.
839 3652 863 3711 7,
873 3653 929 3711 iii,
944 3669 998 3701 near
1013 3655 1091 3716 bigeti
