2442 4059
114 299 168 338 uta.
181 300 210 336 11.
224 287 258 346 l.]
449 287 732 336 INTERPRETATIO.
1003 286 1064 352 147

115 440 228 486 Tractnm
240 453 269 484 ex
281 437 424 485 Callimacho
435 439 486 494 hoc,
499 440 592 498 Fragm.
603 439 628 494 7,
643 438 690 486 Ζεῦ
707 435 793 501 πάτερ,
810 435 843 494 ὡς
860 436 991 500 Χαλύβων
1007 441 1063 488 πᾶν

115 501 241 551 ἀπόλοιτο
259 499 335 565 γένος
353 501 465 560 Τηλόθεν
484 501 644 551 ἀντέλλοντα
662 503 741 551 κακὸν
759 504 838 565 φυτὸν
857 500 881 552 o't'
901 521 946 568 μιν
965 502 1062 570 ἔφηναν

115 567 247 632 (chalybs).
258 593 289 602 ··-
304 565 393 629 [noceat
418 572 503 615 ‘nomo
514 585 552 616 me
564 570 661 616 lacessat
670 569 784 628 iniuriis

148 634 253 681 45-49.
272 630 397 695 [commorit
423 633 570 689 ‘lacessierit
583 634 730 694 provocarit!
752 634 806 680 Acr.
818 657 851 668 -
863 630 964 696 [Flebit]
980 635 1060 682 ‘dole-

114 697 167 756 bis:
180 699 329 752 Graecismus,
340 695 470 758 οἰμώξεται
481 699 517 744 vel
534 695 677 745 κλαύσεται.
688 723 721 732 -
734 695 855 760 [insignis]
873 701 996 754 ‘omnibus
1009 703 1060 762 Jam

114 772 211 824 propter
221 764 398 823 perversitatem
409 771 477 809 notus
489 764 648 810 deridebitur!
682 763 787 818 contari,
804 771 830 808 ut
844 761 983 826 ὑμνεῖσθαι,
996 767 1060 811 ‘om-

114 828 186 878 uibus
196 827 221 873 in
233 841 273 873 ore
284 841 342 883 esse,
354 837 378 874 et
389 827 485 888 quidem
497 843 550 874 cum
564 827 679 874 infamii!
690 852 723 862 -·
734 829 848 884 ‘Cercius⁹
860 831 1026 891 quadruplator
1037 837 1062 878 et

114 893 206 950 rabula,
219 890 353 953 Ascanii(i)
365 893 470 949 libertus,
485 891 640 939 calumniator
655 893 772 939 accusavit
783 894 827 940 Cn.
839 892 994 955 (Domitium)
1006 896 1062 941 cst·
1083 948 1086 954 ,

115 959 199 1006 vinum
210 955 269 1020 (cos.
281 970 366 1004 u.u.c.
378 956 437 1018 701)
450 959 527 1017 legere
539 959 568 1004 tle
584 957 687 1005 sicariis!
715 959 796 1004 Comus.
809 958 848 1004 Cr.
882 961 973 1006 Servius
984 961 1061 1007 codd.

116 1023 173 1070 Feta
184 1031 245 1069 esset
254 1023 347 1068 Servius
359 1023 415 1068 Pola
426 1030 552 1078 accusator,
564 1023 593 1069 de
605 1037 652 1082 quo
663 1023 749 1068 Caelius
759 1025 789 1068 ad
802 1023 866 1070 Fam.
879 1024 902 1080 8,
916 1023 953 1070 12
971 1025 1019 1070 Cic.
1031 1025 1062 1072 ati

116 1089 147 1139 Q.
161 1088 199 1134 Fr.
212 1089 234 1141 2,
249 1086 286 1141 1³,
302 1089 363 1134 homo
375 1093 434 1134 ieter
444 1084 539 1147 etseras
549 1088 608 1134 Pola
619 1088 717 1134 Servius.
727 1112 759 1122 ·-
772 1085 898 1149 [Canidia]
915 1103 934 1134 s.
947 1089 1062 1145 Gratidio,

116 1153 194 1212 Epod.
206 1153 222 1198 ὅ
233 1160 256 1198 et
270 1151 308 1206 17.
334 1153 382 1197 Sat
401 1151 422 1207 1,
440 1151 462 1197 8.
480 1152 559 1211 lunge
570 1167 676 1199 emensos
687 1153 787 1199 Albuti.-
802 1155 817 1178 ‘¹
827 1152 864 1198 hic
875 1152 938 1198 enim
951 1154 1061 1200 Albutius

114 1230 209 1264 veneno
219 1231 317 1262 uxorem
326 1231 392 1262 suam
401 1216 487 1262 dicitur
495 1216 644 1277 peremisse.”
661 1217 774 1263 Scici-
781 1214 894 1278 [Turius]
907 1217 953 1264 ⁸⁶0.
964 1219 1063 1265 Turium

116 1279 262 1344 (Marinum)
280 1280 395 1340 significat
408 1280 513 1340 judicem
530 1281 753 1341 corruptissimum.”
777 1282 858 1328 Coram
878 1280 997 1345 (la-[si
1008 1285 1064 1344 quid

115 1362 140 1394 ss
151 1345 234 1406 judice
245 1343 330 1407 certes]
343 1346 433 1392 Eadem
444 1348 584 1392 constructio
597 1348 645 1392 Sat.
656 1346 680 1403 2,
692 1347 716 1402 5,
728 1344 767 1402 27,
777 1343 832 1407 soro
847 1348 869 1393 si
883 1361 920 1393 res
936 1349 1063 1395 certobilus·

115 1412 176 1458 olim.
515 1440 518 1450 ·

149 1475 254 1522 ott-52.
268 1471 322 1536 [Ut
334 1471 389 1536 quo]
405 1474 460 1521 ‘Sic
470 1473 601 1534 colligendo
613 1489 643 1521 ex
654 1474 806 1534 argumentis,
818 1490 871 1535 quae
882 1474 924 1521 tibi
935 1491 1064 1537 proponam

116 1537 288 1602 (σολλογίζων
306 1537 359 1601 μετ’
376 1537 447 1603 ἐμοῦ)
461 1539 549 1600 judica,
565 1541 682 1599 quomodo
699 1539 746 1597 iot,
765 1549 791 1585 ut
807 1542 836 1586 eis
852 1540 883 1596 vi,
900 1542 948 1600 qui
965 1540 1064 1602 quisque

115 1605 221 1651 maxime
238 1605 347 1664 preditus
364 1613 406 1660 est,
423 1613 536 1651 terrorem
553 1604 652 1651 incutiat
667 1604 712 1650 sibi
723 1604 836 1665 suspectis
846 1615 917 1666 atque
927 1606 1019 1652 exosis!
1029 1629 1063 1644 -

117 1666 192 1732 [ands
203 1667 261 1730 nisi]
273 1671 297 1715 in
309 1671 378 1729 prosi
389 1683 430 1726 oa,
443 1666 483 1716 ‘id
494 1670 557 1730 quod
574 1668 643 1715 unice
659 1668 722 1714 intus
733 1670 767 1715 eia
779 1679 933 1716 monstratum
944 1679 979 1717 est
987 1670 1002 1716 t'
1019 1671 1064 1718 hoc

115 1743 198 1780 autem
216 1735 328 1780 convertit
346 1734 371 1779 in
388 1733 611 1798 intermgationems
635 1735 708 1781 ἰιιιάο
727 1731 783 1795 (hoc
802 1735 849 1794 sis)
867 1742 1013 1783 mussitatum
1029 1743 1065 1784 est

115 1801 165 1846 nisi
175 1801 243 1854 intas,
255 1798 366 1845 instinctu
377 1799 480 1858 quodam
491 1799 593 1845 naturali
600 1799 624 1844 ι’

151 1863 254 1910 oa-oo
272 1860 381 1925 [Scoeva]
399 1866 415 1888 “
424 1864 503 1909 Scaeva
515 1863 649 1910 luxuriosus
664 1863 760 1924 quidam
775 1863 827 1920 fuit,
843 1865 883 1924 qui
900 1873 998 1912 matrem
1010 1865 1065 1913 dato

116 1942 210 1974 veneno
226 1928 323 1984 necavit,
340 1935 462 1988 propterea
479 1929 541 1987 quod
558 1929 579 1974 ei
597 1927 667 1974 nimis
684 1929 725 1974 diu
740 1929 834 1976 viveret.
869 1930 907 1976 Sic
924 1931 1006 1977 Cicero
1022 1945 1064 1991 pro

117 1994 207 2039 Scauro
219 1991 325 2053 (Fragm.
339 1993 416 2039 Beier.
427 2007 450 2052 p.
465 1991 532 2054 loo),
545 1993 654 2040 Libertas
668 2000 789 2053 μοιτοοοιιι
801 2010 845 2041 noa
856 1996 946 2050 occidit,
956 1997 998 2042 sed
1007 1996 1064 2041 duo·

117 2059 161 2106 bus
169 2059 274 2119 digitulis
283 2059 361 2118 galam
370 2057 469 2105 allisit.''
488 2059 569 2105 Oamm.
579 2059 617 2105 Gr.
624 2081 657 2092 ·-
664 2054 755 2120 [creda]
768 2059 900 2106 ‘committe
909 2060 963 2106 huic
974 2055 1064 2119 ἀσώτῳ

116 2130 219 2170 matrem
230 2122 395 2169 incustoditam
404 2139 409 2168 t
422 2137 479 2169 sane
490 2123 583 2177 dextri,
592 2124 640 2183 qui
648 2123 730 2182 utique
740 2124 793 2184 pius
801 2124 848 2171 dici
859 2133 943 2184 potest,
953 2138 1006 2173 eam
1017 2138 1065 2169 non

116 2186 262 2234 trucidabit!
272 2212 305 2221 —
317 2184 418 2248 [mirum
434 2185 477 2249 Ut]
491 2188 584 2248 ‘AEquc
595 2187 682 2234 mirum
698 2198 734 2234 est
750 2189 794 2235 hoc
810 2198 881 2248 atquc
897 2189 955 2234 illud
969 2188 1065 2247 quod-

116 2252 180 2313 petit
191 2251 248 2306 boa:
260 2252 284 2298 id
296 2263 340 2308 est,
352 2256 475 2299 ‘neutrum
485 2253 588 2313 proiecto
598 2252 685 2298 mirum
697 2253 747 2299 est'
780 2253 945 2300 ‘Contrarium
956 2253 1019 2298 enim
1030 2261 1066 2299 est

118 2318 208 2364 θωνα
218 2317 292 2363 indoli
302 2317 363 2363 ferro
374 2317 480 2363 homines
490 2317 604 2373 occidere,
615 2317 657 2362 sed
667 2317 738 2363 homo
753 2317 851 2376 ignavus
868 2332 910 2378 pro
926 2318 1007 2363 doloso
1023 2332 1066 2364 suo

117 2382 217 2441 ingenio
236 2389 357 2442 promptus
374 2381 420 2428 en't
433 2383 464 2428 ad
481 2393 598 2429 venenum
617 2381 686 2428 matri
704 2380 864 2428 miscendum:
887 2396 969 2443 reapse
985 2391 1066 2429 autem

117 2455 221 2507 uterque
238 2447 337 2493 necandi
357 2448 440 2493 modus
459 2461 525 2506 seque
545 2447 671 2494 sceleratus
692 2447 787 2494 est.’-
798 2446 903 2505 [vitiato]
928 2451 1066 2508 ‘postquam

120 2512 201 2558 cicuta
216 2526 230 2557 a
247 2513 327 2558 Scoevi
342 2509 450 2558 immixta
465 2511 569 2573 corrupit
585 2513 641 2568 mci,
657 2509 701 2558 hoc
715 2512 851 2560 electarium
866 2510 1003 2574 (electacry)
1018 2513 1067 2560 sive

117 2577 224 2624 mulsum
237 2575 288 2631 tuit,
300 2591 371 2622 anum
383 2575 481 2622 occidit.¹

154 2640 259 2689 att-60.
271 2637 359 2702 [Mors]
369 2641 440 2699 alata,
446 2648 472 2686 ut
481 2641 530 2700 eiua
539 2639 618 2696 irater,
626 2641 734 2687 Somnus.
755 2639 836 2700 Eurip.
849 2640 900 2686 stc.
909 2639 964 2697 262,
974 2656 1068 2704 πτερω-

118 2701 270 2761 τὸς“Διάος.
305 2707 348 2752 Od.
360 2707 384 2761 2,
398 2704 436 2761 17,
447 2705 486 2751 24.
496 2730 528 2739 -
540 2702 664 2767 [jusserit]
681 2720 763 2752 omnes
780 2707 826 2751 mei
840 2713 865 2751 et
877 2705 981 2752 l‘ottierii
992 2707 1066 2754 Codri.

119 2771 218 2817 Luserit
233 2771 292 2817 illud
310 2771 364 2816 iieae
381 2770 515 2816 destituitur
531 2773 560 2816 eis
577 2771 723 2825 auctoritate,
739 2783 810 2829 quam
827 2770 852 2816 in
869 2777 917 2816 tam
932 2771 996 2830 gratu
1013 2786 1065 2817 mu-

50 2849 59 2866 ·
119 2835 371 2895 tatiouerequirimua.
405 2836 520 2881 Praetcrea
531 2835 636 2880 Fortuna
652 2835 696 2881 dea
712 2843 774 2880 recte
787 2835 866 2881 ludere
876 2835 962 2881 dicitur
973 2835 1030 2897 (od.
1042 2836 1067 2892 3,

120 2901 162 2955 29,
174 2899 218 2961 60)
230 2915 277 2946 non
289 2900 345 2946 item
355 2896 415 2960 fors.
424 2923 458 2934 -··
469 2896 586 2959 [scribam
597 2896 669 2959 color]
681 2899 837 2959 ‘Quicunque
847 2900 892 2945 erit
903 2908 970 2946 tenor
980 2909 1065 2947 status·

120 2979 169 3026 que
186 2965 242 3010 vitm
261 2979 328 3019 meae,
347 2965 448 3010 scribere
465 2977 568 3023 pergam,
587 2964 607 3009 ai
622 2964 779 3024 qualicunque
797 2966 867 3010 modo
882 2972 1012 3012 commotus
1027 2979 1068 3012 ero

120 3027 156 3090 (ι.
167 3027 212 3090 la)
224 3030 350 3088 equalium
362 3030 398 3074 vel
411 3027 472 3076 vitiis
483 3027 588 3074 ridiculis
599 3029 636 3074 vel
652 3028 677 3074 in
694 3044 732 3075 mc
748 3029 880 3089 iniquitate,
898 3039 923 3077 et
938 3029 1067 3091 opprobriis

119 3095 207 3154 dignos
216 3092 364 3140 insectabor!

155 3158 259 3206 tto-62
278 3155 312 3220 [0
325 3155 396 3219 puer]
414 3156 452 3204 Sic
463 3158 576 3218 juvenem
592 3156 666 3203 amice
683 3156 991 3220 alloquiturpatsr(v.12)
1008 3158 1066 3205 Tre·

119 3225 209 3272 botius.
221 3249 254 3261 -
266 3220 370 3285 [vitalis]
388 3238 423 3284 pr.
440 3223 495 3281 ‘qui
513 3223 544 3268 ati
560 3222 649 3268 (liutius
665 3221 791 3281 vivendum
807 3225 863 3271 satis
880 3223 966 3282 vigoris
981 3222 1068 3269 habet’

120 3289 175 3336 ‘Nc
186 3289 233 3335 cito
243 3303 334 3349 pereas,
342 3287 435 3334 metuo'
446 3285 473 3348 (1
475 3284 532 3347 sear
542 3288 595 3334 tica
606 3289 656 3334 wilt
664 3294 703 3334 aot
713 3290 739 3335 lrs
750 3286 893 3350 long-lived).
912 3287 969 3333 Sine
979 3286 1068 3345 ligurit

120 3353 234 3410 ‘Vereon
253 3368 283 3399 ne
300 3367 381 3399 omues
397 3351 513 3398 irritando
530 3359 564 3398 tot
583 3360 705 3412 tantasque
728 3355 845 3401 molestias
863 3351 949 3412 capias,
972 3359 997 3396 ut
1019 3358 1067 3398 tam

119 3417 240 3476 ingratam
262 3418 335 3464 vitam
356 3417 405 3478 ipse
428 3413 584 3464 detestaturos
605 3415 841 3480 sis.¹-[mojoram]
863 3415 911 3461 ‘ne
931 3413 1016 3473 aliquis
1037 3430 1068 3463 ex

119 3483 293 3544 potentioribus
310 3482 392 3529 amicis
407 3480 597 3540 refrigeraturus
612 3485 654 3529 abs
668 3491 692 3530 te
707 3485 824 3530 abalienet
836 3478 1009 3538 amicitiamque
1025 3481 1069 3528 tibi

65 3589 69 3596 .
120 3547 258 3594 renuntiet!

154 3611 261 3658 tta-66.
280 3606 397 3672 [Primus]
415 3608 465 3656 ctr.
477 3610 524 3656 Sat.
538 3609 560 3669 1,
575 3609 612 3665 1⁰,
625 3610 663 3656 48.
674 3637 707 3646 -
719 3610 826 3669 [ιοοτιοι]
845 3608 925 3658 Quum
941 3609 1069 3670 smpissime

116 3678 254 3739 iungantur
264 3689 301 3724 vr.
312 3691 358 3724 raas
368 3676 489 3737 modusque
500 3671 558 3736 (Oti.
570 3674 629 3785 222,
639 3671 692 3738 28),
703 3677 743 3722 hic
753 3673 888 3735 simplicitet
898 3687 981 3721 moreat
991 3676 1070 3736 posuit
