2442 4059
120 284 177 320 sn.
189 286 206 322 1.
221 270 270 335 rs]
350 245 352 249 ’
455 273 737 324 ruranrnnrarro.
1003 278 1062 341 231

125 424 225 471 doneca
239 425 330 471 fautore
345 424 423 484 aliquo
434 439 576 485 purpureum
588 425 685 485 pallium
696 426 758 471 dono
767 426 873 486 accipiat,
891 428 932 473 sed
944 428 1066 490 simplicis·
1117 464 1119 470 ,
1174 440 1176 444 ·

124 489 187 535 sima
203 499 267 536 veste
285 490 387 544 indutus,
406 490 456 535 sine
474 490 532 535 salso
546 492 643 550 pudore,
662 491 794 549 aequissimo
811 492 890 538 animo
907 508 948 552 per
963 496 1067 541 medium

123 551 203 600 forum
213 555 313 607 incedet,
325 569 391 613 aque
403 563 457 613 apte
468 564 492 600 et
503 555 612 615 pauperis
623 564 647 600 et
658 556 736 601 divitis
746 565 824 615 partes
835 558 922 615 agens!

156 620 261 666 att-32.
281 615 369 679 [Mileti
381 615 478 680 tertam]
497 620 610 680 Purpura*
622 620 720 665 Milesiae
732 630 825 681 propter
839 623 898 667 lanae
909 624 1066 681 praestantiam

122 683 187 729 inter
206 686 382 743 pretiosissimas
399 692 471 730 erunt.
505 685 571 743 Virg.
583 687 626 730 Ge.
643 686 666 739 3,
683 685 736 731 306.
747 682 854 747 —[caue
869 686 935 748 pejus
945 696 968 735 et
982 686 1065 750 angui]

123 748 279 794 Proverbium
299 749 328 793 de
350 751 427 808 rebus,
448 764 462 794 a
482 749 566 808 quibus
588 748 690 795 maxime
712 751 870 808 abhorremus,
887 768 991 812 quasque
1011 755 1067 800 mali

122 813 211 860 ominis
232 828 282 859 esse
301 811 572 875 ducimus—[Vitam
592 811 744 875 chlamydem]
771 816 863 862 Arriau.
887 815 963 876 Epict.
986 818 1007 871 l,
1027 819 1067 873 24,

123 892 148 937 p.
163 877 216 934 122,
235 878 325 924 Schm:
345 874 465 940 Διογένης
482 876 511 925 rd
529 878 629 941 γυμνὸν
646 877 710 926 εἶναι
728 875 803 941 λέγει,
823 876 862 925 dre
881 880 997 942 κρεῖσσόν,
1015 881 1068 930 ἐστι

123 938 214 999 πάσης
232 941 422 1005 περιπορφύρον.
447 944 530 991 Comm.
544 945 596 990 Oa:
616 943 718 990 “Aiunt
734 946 889 1004 Aristippum,
901 947 998 993 invitato
1009 948 1066 994 Dio·

125 1022 187 1067 gene
199 1008 229 1053 ad
240 1009 340 1064 balneas,
352 1010 442 1070 dedisse
451 1022 554 1067 operam,
563 1017 589 1054 ut
596 1023 677 1055 omnes
688 1008 752 1068 prius
763 1011 937 1067 egrederentur,
948 1013 1067 1073 ipsiusque

124 1071 225 1133 pallium
236 1072 339 1119 induisse
355 1071 424 1132 eique
441 1074 562 1133 reliquisse
578 1088 734 1133 purpureum,
757 1075 820 1132 quod
839 1075 954 1133 Diogenes
970 1078 1067 1124 induere

125 1150 202 1197 quum
214 1138 293 1192 nollet,
305 1152 372 1183 suum
389 1138 489 1197 repetiit.
524 1140 584 1183 'l'um
601 1138 734 1199 Aristippus
746 1138 862 1200 increpuit
874 1141 989 1199 Cynicum
1000 1142 1067 1188 samse

125 1201 275 1256 servientem,
297 1201 336 1261 qui
357 1203 434 1261 algere
454 1203 532 1248 mallet
549 1217 620 1262 quam
640 1202 741 1263 conspici
761 1203 785 1249 io
804 1212 869 1249 veste
886 1208 1068 1266 purpured.”-

127 1263 192 1329 [sine
213 1264 288 1328 vivat]
306 1268 386 1317 ‘Quin
403 1268 479 1326 igitur
500 1267 588 1313 desinis
605 1268 679 1327 iocari
699 1282 752 1313 eum
774 1270 814 1315 tali
833 1269 928 1315 bomine
948 1278 971 1316 et
989 1272 1067 1318 reddis

126 1332 150 1377 ei
171 1326 296 1389 διπλοΐδα,
313 1332 379 1379 facile
397 1333 419 1377 ei
435 1334 571 1389 concedens,
589 1341 615 1378 ut
631 1347 723 1393 semper
739 1341 763 1379 et
778 1334 865 1393 ubique
880 1334 1003 1395 indulgeat
1018 1337 1067 1382 suis

126 1396 259 1454 ineptiisl'

160 1460 264 1507 tta-36.
283 1457 353 1522 [Res]
374 1465 380 1485 ⁸
391 1462 439 1508 Res
452 1476 548 1521 magnas
560 1476 642 1521 gerere
657 1461 683 1507 in
697 1461 764 1507 bellis
778 1470 803 1508 et
816 1463 961 1524 triumphare
972 1466 1001 1510 de
1012 1466 1067 1512 bos·

126 1526 191 1573 tibus
211 1526 307 1571 devictis
325 1541 395 1585 quam
417 1527 522 1586 proxime
543 1527 634 1573 accedit
652 1527 683 1572 ad
702 1526 847 1573 divinitatem
871 1539 895 1574 et
912 1529 1067 1576 immortalem

126 1591 229 1650 gloriam
248 1602 362 1645 meretum
388 1605 468 1637 verum
494 1591 564 1637 etiam
583 1592 740 1653 principibus,'
765 1593 807 1638 dcc.
845 1593 966 1651 Significat
983 1604 1068 1654 praeter

127 1665 220 1702 ceteros
240 1656 372 1714 Augustum
391 1665 416 1701 et
431 1656 567 1717 Agrippam,
583 1656 805 1716 ‘qu'usmodiviris
822 1657 884 1703 inter
903 1660 1003 1718 aquales
1020 1660 1068 1721 pri-

128 1720 210 1767 mariis
230 1719 270 1765 ubi
293 1720 413 1780 placueris,
434 1722 571 1768 meritorum
592 1731 685 1767 tuorum
706 1729 777 1781 atque
799 1722 888 1781 ingenii
909 1724 1001 1783 insigne
1023 1726 1069 1771 erit

128 1785 304 1831 testimonium!
313 1810 345 1819 -
353 1782 466 1845 [celestia
476 1784 562 1847 lentot]
581 1785 713 1831 ‘laboribus
724 1787 772 1831 suis
782 1786 980 1835 immortalitatem
992 1790 1067 1849 petit!

128 1873 163 1885 -
186 1851 239 1896 Nos
249 1847 331 1911 cuivis]
350 1851 500 1896 Proverbium
509 1853 618 1898 Graecum
630 1848 678 1909 (ot
690 1851 789 1906 παντὸς
799 1847 934 1916 ἀνδρὸςείς
942 1852 1068 1915 Κόρινθον

129 1910 142 1961 ἔ
202 1910 331 1973 dstote)
354 1915 383 1961 de
404 1917 470 1974 qu'us
491 1915 581 1974 origine
601 1915 749 1974 ambigebant
761 1917 811 1976 jam
827 1918 925 1977 antiqui.
956 1919 1069 1965 Primaria

129 1987 209 2025 tamen
221 1981 270 2038 ejus
281 1978 396 2025 sententia
407 1980 499 2025 videtur
513 1995 548 2037 ea,
566 1995 635 2040 quam
647 1990 777 2026 memorant
792 1981 989 2043 l’aroemiographi
1001 1984 1068 2030 Gais-

128 2042 199 2089 fordii
212 2058 305 2090 omnes:
327 2041 343 2101 ἡ
362 2040 485 2105 Κόρινθος
501 2043 601 2102 πολλὰς
616 2041 691 2105 ἔσχεν
707 2034 815 2109 lrulpuc',
832 2044 861 2093 οἳ
877 2046 936 2103 roric
953 2044 1068 2108 ἀφικνου-

128 2103 222 2170 μένους
233 2109 284 2154 τῶν
299 2105 378 2162 Ξένων
391 2105 577 2173 ἐδασμολόγονν
592 2109 626 2157 rd
635 2106 719 2173 ἐφόδια
731 2108 918 2173 λαμβάνουσαι.
952 2114 958 2137 ⁶
971 2114 1068 2158 Difficil-

129 2174 214 2219 limum
241 2182 276 2218 est
300 2174 419 2233 inceptum
440 2176 565 2221 amicitiam
587 2175 744 2236 potentiorum
766 2190 885 2234 quarere3
909 2184 945 2221 est
965 2177 1067 2223 huminis

128 2237 229 2285 animosi
251 2238 361 2297 nulloque
379 2240 497 2286 obstaculo
516 2239 680 2300 perterrefacti,
706 2240 748 2285 sed
768 2241 965 2298 quemadmodum
987 2250 1022 2288 est
1043 2242 1068 2287 in

129 2302 260 2363 proverbio,
272 2303 325 2349 Non
336 2305 418 2350 cuiuis.-
433 2305 474 2363 qui
483 2304 624 2351 Corinthum
635 2304 679 2350 iter
688 2304 795 2360 habebat,
803 2319 871 2363 equo
882 2304 961 2350 animo
972 2321 1069 2366 exspec-

129 2377 181 2414 tare
201 2368 292 2423 debeat,
314 2382 338 2414 se
360 2383 452 2427 quoque
471 2370 554 2415 misere
574 2369 729 2429 exspoliatum
751 2368 780 2413 iri
802 2372 831 2414 ab
848 2364 997 2432 ἱεροδούλοις
1013 2370 1068 2430 illis,

128 2428 283 2487 πολυξέναις
301 2432 415 2479 νεανίαιν
437 2433 539 2490 Pindari,
563 2441 605 2480 aut
626 2433 722 2480 omniuo
744 2434 879 2480 renuntiare
899 2435 992 2496 incepto
1013 2436 1068 2482 illuc

130 2497 185 2545 navi
203 2498 274 2543 andi.'

162 2513 265 2616 378—42.
285 2558 375 2623 [Sedit]
394 2571 420 2608 ut
434 2560 568 2620 καθῆσθαι,
587 2564 686 2616 ‘cessat,
705 2561 768 2621 turpi
784 2563 832 2609 otio
850 2565 983 2624 torpet.'-
994 2562 1066 2627 [esto]

130 2623 182 2687 (sor
192 2629 265 2687 ought
279 2625 387 2687 Icurel)
404 2628 484 2677 ‘uuio
501 2641 607 2673 curamus
624 2627 743 2673 bominem
757 2628 885 2687 ignarum?
919 2630 1007 2676 Contra
1021 2631 1068 2687 ille,

129 2692 171 2751 qui
192 2692 302 2737 molestiis
317 2692 472 2752 periculisque
488 2692 601 2751 superatis
621 2693 737 2738 adfinem
755 2707 824 2739 suum
842 2695 937 2740 tandem
953 2696 1068 2755 pervenit,

129 2771 209 2803 nonne
231 2757 251 2801 is
272 2757 320 2815 egit
338 2757 460 2803 animosel
494 2757 566 2816 Atqui
586 2756 610 2801 in
631 2757 675 2803 boc
691 2757 749 2817 ipso,
766 2758 790 2802 in
810 2766 904 2805 strenue
922 2760 1069 2820 impigreque

129 2822 222 2880 agendo
243 2823 312 2867 cardo
336 2822 433 2867 vertitur
451 2821 493 2877 rei,
511 2823 540 2868 de
562 2823 610 2880 qud
631 2822 770 2881 quaerimusc
795 2831 836 2868 aut
856 2823 946 2871 sortiter
965 2825 1068 2885 sciteque

128 2886 250 2947 inceptum
266 2895 370 2932 nostrum
387 2901 524 2946 peragamus
543 2900 619 2945 neque
634 2901 738 2946 unquam
752 2886 858 2934 animum
877 2888 1069 2949 despondeamus,

128 2959 179 3007 eut,
196 2952 215 2997 si
227 2960 322 3010 propter
337 2951 444 2997 inertiam
460 2950 633 3003 cessaverimus,
650 2950 715 3011 digni
732 2966 789 2998 saue
799 2954 895 3005 erimus,
908 2955 949 3013 qui
964 2962 1068 3001 contem-

128 3012 337 3077 namur.’-[Hio
353 3012 399 3077 ert]
426 3017 486 3063 ‘lroc
504 3013 685 3077 loom—[onas
704 3014 791 3078 horret]
816 3022 975 3079 ‘magnopere
995 3019 1069 3065 reior-

128 3079 231 3134 midst3'
255 3081 337 3126 eadem
356 3088 440 3127 constr.
460 3082 507 3141 qud
526 3080 573 3127 Cic.
594 3081 625 3126 ad
644 3081 692 3127 Att.
709 3082 732 3136 9,
751 3082 775 3138 2,
791 3084 878 3144 ingrati
896 3086 966 3130 animi
985 3086 1070 3130 crissen

122 3148 259 3193 borres-
272 3141 369 3207 [uirtus]
400 3146 466 3192 ‘Aut
485 3145 606 3192 latendum
627 3152 669 3201 est,
688 3145 747 3191 falsi
766 3148 883 3208 opinione,
905 3162 952 3194 nou
969 3162 1002 3202 re,
1025 3148 1069 3193 niti

128 3210 248 3265 virtutem,
265 3218 313 3265 aut,
331 3211 350 3255 si
369 3212 419 3271 eJus
435 3212 536 3271 pretium
553 3210 615 3257 ultro
631 3210 784 3269 agnoscimus,
801 3222 894 3273 propter
907 3227 959 3258 eam
975 3213 1068 3259 difficil-

128 3276 187 3321 lima
206 3289 305 3335 quaque
322 3283 346 3320 et
364 3277 519 3334 perpetranda
540 3283 564 3321 et
582 3276 703 3322 toleranda
720 3274 925 3338 sunt’-[recte]
951 3278 1020 3336 ‘jure
1041 3292 1069 3323 ac

128 3340 270 3387 meritu'-
281 3336 411 3401 [experiens
429 3337 476 3402 uir]
495 3340 554 3400 ‘qui
574 3341 653 3387 omniu
672 3340 798 3400 experitur,
817 3356 863 3402 quo
879 3341 909 3386 ad
925 3341 1070 3401 propositum

129 3419 200 3452 suum
209 3404 344 3464 perveniat,'
357 3404 471 3464 (resolute,
480 3402 653 3468 enterprisiag.)
675 3407 723 3453 Cic.
732 3422 774 3466 pro
784 3406 877 3453 Cluent.
888 3406 932 3452 2³:
943 3407 973 3452 A.
982 3408 1071 3454 Aurius

128 3466 242 3529 virsortr'r
253 3476 277 3516 et
286 3472 410 3529 experiens.

163 3532 266 3581 43-45.
287 3529 366 3595 [rege]
383 3532 477 3581 ‘amico
494 3550 536 3582 suo
551 3534 697 3595 potentiore,'
714 3542 740 3581 ut
750 3536 809 3594 Epp.
826 3534 847 3588 l,
860 3533 884 3593 7,
894 3534 973 3589 37.-
997 3538 1070 3599 Atqas'

128 3596 219 3660 rerum]
245 3600 288 3645 Est
305 3597 421 3661 ἀναφορὰ
439 3602 475 3645 vel
493 3598 584 3661 κλίμαξ
602 3613 625 3646 v.
637 3599 676 3656 38,
694 3602 767 3660 Atqui
783 3601 820 3644 hic
836 3607 878 3653 est,
896 3601 973 3661 &a—
994 3618 1070 3649 rerum

129 3661 213 3726 caput]
232 3664 322 3724 ‘Atqui
340 3664 412 3711 totius
429 3665 523 3727 incepti,
539 3664 602 3725 quod
620 3664 663 3710 tibi
681 3671 802 3724 tantopere
820 3666 883 3712 cordi
900 3675 942 3724 est,
961 3668 1027 3727 origo
1042 3680 1070 3712 sc
1157 3679 1160 3684 ·
