2442 4059
374 278 615 323 u1>1srouaaunr
638 278 705 323 uin.
722 280 746 325 1.
762 264 801 337 7„
1011 266 1054 325 65

110 426 202 494 Dum
216 430 306 507 redit,
322 441 426 516 atque,
443 431 508 495 foro
523 429 653 494 nimium
669 430 781 496 distare
799 430 940 510 Carinae,

109 516 183 580 Jam
197 516 323 602 grandis
338 531 412 581 natu
428 516 576 602 queritur,
593 517 765 602 conspexit,
783 529 817 582 ut
830 518 926 596 aiunt,

111 601 270 666 Adrasum
285 602 439 688 quendam
456 603 553 668 vacua
567 604 697 667 tonsoris
711 603 743 666 in
760 604 878 681 umbra,

112 686 251 753 Cultello
266 689 404 775 proprios
419 701 602 775 purgantem
620 689 732 753 leniter
747 711 877 775 ungues.
1011 694 1053 753 50

108 771 258 839 Demetri
277 776 369 861 (puer
384 775 433 838 hic
447 797 510 838 nou
524 774 601 840 laeve
611 776 700 860 jussa
717 774 852 861 Philippi

112 858 324 946 Accipiebat),
340 859 401 938 abi,
418 883 531 946 quaere,
548 873 581 924 et
595 859 686 937 refer,
703 860 786 924 unde
802 861 902 939 domo,
919 862 998 948 quis,

112 945 214 1029 Cujus
228 946 369 1025 fortunae,
385 969 448 1032 quo
462 946 502 1011 sit
517 960 614 1031 patre,
630 968 732 1031 quove
746 958 885 1032 patrono.

111 1031 154 1107 lt,
170 1030 251 1095 redit
265 1043 298 1096 et
312 1046 432 1097 narrat:
457 1031 629 1108 Vulteium,
645 1030 770 1097 nomine
787 1032 928 1110 Menam,

111 1117 305 1195 Praeconem,
323 1118 409 1183 tenui
424 1140 528 1194 ceusu,
545 1118 611 1182 sine
627 1118 764 1195 crimine,
781 1130 909 1194 notum3
1010 1124 1052 1183 55

111 1202 157 1267 Et
171 1225 337 1289 properare
351 1203 429 1282 loco,
448 1215 480 1268 et
493 1225 622 1280 cessare,
639 1218 672 1269 et
686 1227 835 1290 quaerere,
853 1217 885 1270 et
900 1203 955 1282 uti,

112 1288 314 1354 Gaudentem
329 1290 493 1375 parvisque
509 1289 672 1367 sodalibus,
689 1303 722 1355 et
736 1290 799 1355 lare
815 1304 910 1368 certo,

111 1374 157 1439 Et
171 1375 261 1453 ludis,
278 1387 318 1452 et,
335 1388 403 1462 post
418 1376 520 1441 decisa
535 1376 670 1463 negotia,
689 1375 817 1461 Campo.

113 1460 226 1525 Scituri
242 1460 318 1526 libet
333 1485 373 1526 ex
388 1462 464 1548 ipso,
504 1484 675 1548 uaecunque
690 1464 805 1526 refers:
829 1462 878 1529 dic

111 1547 166 1610 Ad
181 1570 301 1612 coenam
317 1549 429 1613 veniat.
475 1485 548 1612 Pon
564 1570 637 1612 sane
653 1548 777 1613 credere
795 1548 913 1614 Meua:
1010 1553 1052 1612 60

112 1631 227 1697 Mirari
240 1655 344 1698 secum
360 1634 480 1700 tacitus.
525 1633 611 1709 Quid
628 1634 748 1698 multa?
792 1634 946 1723 Benigne,

113 1718 307 1804 Respondet.
346 1720 452 1807 Neget
466 1719 519 1783 ille
534 1718 636 1784 mihi?
670 1720 777 1808 Negat
790 1720 957 1805 improbus,
973 1732 1007 1786 et
1020 1733 1052 1787 te

111 1803 260 1905 Negligit
273 1816 327 1871 aut
341 1806 453 1871 horret.
499 1806 661 1872 Vulteium
675 1829 766 1871 mane
783 1807 947 1895 Philippus

110 1889 199 1955 Villa
213 1892 398 1956 vendentem
414 1891 550 1957 tunicato
564 1903 667 1957 scruta
680 1893 805 2042 popello
973 1898 976 1905 '

112 1977 267 2063 Occupat,
283 1989 316 2043 et
329 1978 447 2043 salvere
457 1979 550 2065 jubet
563 1980 656 2064 prior.
702 1978 717 2043 l
743 2003 760 2044 e
781 1968 924 2067 Philippo
1011 1983 1052 2042 65

111 2060 273 2127 Excusare
289 2062 433 2141 laborem,
450 2076 483 2130 et
496 2064 685 2129 mercenaria
699 2065 809 2142 vincla,

111 2146 209 2223 Quod
223 2172 285 2213 non
300 2172 391 2214 mane
406 2150 530 2215 domum
546 2149 700 2228 venisset3
718 2151 854 2237 denique
869 2150 953 2237 quod
967 2171 1031 2214 nou

111 2232 305 2301 Providisset
319 2258 400 2299 eum.
448 2236 501 2302 sie
515 2236 671 2324 ignovisse
685 2248 793 2322 putato

112 2318 173 2383 Me
189 2319 254 2398 tibi,
271 2321 298 2385 si
312 2344 415 2386 coeuas
429 2321 521 2387 hodie
536 2345 668 2387 mecum.
714 2322 762 2388 Ut
776 2321 862 2387 libet.
908 2320 996 2408 Ergo

111 2404 191 2470 Post
205 2428 317 2471 nonam
332 2408 456 2485 venies;
478 2430 561 2473 nunc
575 2408 596 2484 i,
614 2431 678 2472 rem
693 2421 837 2474 strenuus
850 2430 942 2495 auge.
1011 2410 1052 2474 70

111 2490 163 2557 Ut
176 2504 304 2558 ventum
319 2493 357 2558 ad
373 2517 492 2559 coenam
507 2507 563 2571 est,
580 2493 711 2559 dicenda
726 2494 854 2559 tacenda
868 2494 999 2571 locutus,

110 2576 256 2642 Tandem
271 2578 437 2645 dormitum
452 2580 625 2645 dimittitur.
670 2579 743 2657 Hic,
761 2580 814 2644 ubi
828 2603 911 2668 saepe

111 2663 281 2731 Occultum
297 2665 379 2730 visus
394 2666 556 2731 decurrere
571 2666 663 2752 piscis
677 2666 716 2731 ad
730 2666 864 2745 hamum,

110 2748 213 2813 Mane
227 2750 324 2815 cliens
339 2753 446 2837 etjam
462 2765 563 2818 certus
578 2752 717 2830 conviva,
735 2753 858 2817 ‘ubetur

111 2834 202 2901 Rura
216 2836 391 2901 suburbana
405 2838 527 2903 indictis
542 2861 645 2903 comes
659 2837 704 2903 ire
771 2838 852 2903 tinis.
1012 2842 1052 2903 75

109 2920 281 3007 Impositos
296 2923 416 2988 mannis
430 2946 539 3012 agrum
555 2923 731 3009 coelumque
748 2923 898 2989 Sabinum

110 3006 187 3071 Nou
203 3020 301 3073 cessat
315 3009 448 3074 laudare.
494 3009 591 3075 Videt
604 3009 747 3095 ridetque
765 3010 945 3097 Philippus:
1010 3082 1017 3096 ¹

111 3092 167 3169 Et,
183 3094 242 3157 sibi
256 3094 328 3157 dum
344 3095 493 3180 requiem,
508 3095 583 3159 dum
598 3096 676 3160 risus
692 3095 828 3181 undique
844 3095 964 3181 quaerit,

109 3178 201 3243 Dum
216 3191 335 3281 septem
351 3180 444 3246 donat
459 3181 607 3259 sestertia,
624 3192 732 3246 mutua
745 3194 865 3330 septem

111 3264 283 3344 Promittrt,
299 3267 473 3351 persuadet,
491 3269 535 3332 uti
549 3279 704 3333 mercetur
717 3290 776 3354 age
790 3267 863 3331 lum.
1011 3268 1053 3330 80

111 3350 297 3417 Mereatur:
322 3374 361 3416 ue
376 3365 408 3417 te
423 3353 525 3440 longis
539 3352 721 3440 ambagibus
736 3354 825 3430 ultra,

110 3436 218 3513 Quam
234 3436 307 3502 satis
323 3453 378 3515 est,
395 3461 515 3515 morer;
538 3461 578 3504 ex
594 3438 691 3503 nitido
707 3438 742 3503 lit
756 3440 897 3514 rusticus,
912 3447 1007 3523 atque

112 3523 225 3588 Sulcos
240 3536 272 3588 et
288 3522 392 3588 vineta
406 3536 511 3612 crepat
525 3547 621 3603 mera,
637 3535 789 3610 praeparat
804 3524 911 3598 ulmos,

112 3607 293 3675 Immoritur
307 3609 426 3689 studiis,
443 3621 476 3675 et
488 3633 592 3676 amore
607 3610 741 3674 senescit
754 3606 898 3672 habendi.
