2442 4059
166 253 229 324 128
392 311 394 316 ,
493 251 774 306 rurnnrnnrruro.
1032 255 1107 320 [sm

164 407 259 458 ridiculi
269 421 339 456 caure
349 407 458 465 inditum,
469 409 631 472 ectJllrrppoc
641 406 792 472 ἀλεκτρυών.
802 433 836 443 -
846 406 941 472 [Mero]
953 409 997 454 Est
1008 409 1109 468 pcrodie

167 474 250 522 festivo
261 474 379 520 llomerici
397 473 459 520 illiue
471 474 538 521 llied.
554 471 582 534 β,
594 475 650 528 48⁴,
662 470 772 522 Ἐσπετε
784 474 833 522 νῦν
843 489 886 538 μοι
897 474 997 521 Μοῦσαι
1012 469 1108 536 'olip-

168 553 216 587 rrto
230 534 322 602 δώματ’
339 535 489 600 ἓχουσαι-
499 535 578 601 [Orci]
596 539 709 586 nominet.
722 541 782 600 plur.
800 539 899 586 Videtur
908 539 1000 585 ridiculi
1016 539 1109 597 aliquid

167 604 287 652 inbrerlrse
304 603 359 650 huic
376 603 559 650 denominationi
576 605 613 651 vel
629 613 724 664 propter
738 604 898 651 Atellanarum
915 618 1025 664 personas
1042 605 1108 650 Buc-

166 684 242 716 conem
258 676 282 714 et
293 665 568 732 Marcum-[domino]
587 669 622 716 M.
638 668 736 716 Favonii
751 669 822 715 vidue
839 669 895 715 virit
909 669 985 715 adbuc
1001 669 1109 728 adeoque

166 747 248 782 cervus
259 741 293 778 ert
303 746 330 779 ec
339 733 390 779 sine
400 741 474 792 petre.

199 797 302 844 ott—ot
322 794 387 859 [teo]
404 798 429 844 in
444 813 505 859 pros.
524 813 559 845 or.
577 800 640 845 ‘ture
658 812 731 844 cornu
746 797 792 844 nisi
806 797 866 844 loret
882 805 1000 844 enectum
1017 797 1108 845 fronti?

167 885 201 897 -
210 860 258 924 [At
273 859 322 923 illi]
339 863 427 910 Hic-
435 869 460 910 ot
470 865 509 911 ille
521 863 584 924 opud
600 871 689 922 poetes,
698 863 824 923 plurimum
835 863 860 908 in
871 863 982 908 extremis
992 864 1108 920 versibus,

167 928 292 987 respondet
303 929 439 975 Graecorum
449 925 464 975 d
478 924 583 990 μὲν-ὁ
595 924 668 975 til.—
677 924 841 989 [Compreeor]
852 927 869 954 “
877 929 928 973 lloc
939 928 1002 973 enim
1014 927 1082 988 quusi
1093 943 1109 974 e

167 993 253 1038 neturi
264 992 390 1053 Componis
400 993 448 1040 lere
459 994 567 1040 omnibus
577 993 646 1049 inest,
663 1001 690 1039 ut
700 992 783 1053 cepitis
797 992 941 1052 temporibus
952 1008 1043 1051 magne
1054 1007 1109 1038 ver·

166 1071 229 1103 rucre
245 1057 396 1104 innascantur
410 1058 435 1104 in
450 1059 546 1104 modum
564 1071 685 1111 cornuum,
702 1071 760 1117 ques
776 1072 830 1104 cum
846 1056 917 1104 incidi
932 1056 1028 1113 fuciunt,
1046 1057 1109 1103 cice-

138 1173 140 1176 ,
167 1121 236 1168 trices
246 1122 271 1168 in
283 1122 358 1169 fronte
369 1130 466 1168 manent
476 1123 542 1182 quesl
555 1130 617 1168 notre
626 1130 772 1169 enectorum
783 1136 904 1168 cornuum.
937 1121 965 1167 ln
976 1122 1109 1181 buncergo

167 1188 274 1240 morbum,
285 1187 310 1233 id
321 1195 364 1244 ert,
373 1186 439 1234 leciei
448 1187 538 1242 vitium,
546 1201 592 1246 quo
599 1186 713 1246 (lempeni
724 1186 838 1242 laborent,
845 1188 939 1247 iocatur
947 1187 1109 1233 Sarmentus?

170 1251 252 1298 Corum.
266 1252 335 1313 Gruq.
359 1252 402 1298 Est
420 1251 509 1312 primus
526 1251 691 1312 elephantiasin
709 1247 977 1313 produc—[Cyclope]
1001 1253 1045 1297 ‘nt
1061 1252 1108 1298 sel-

168 1318 241 1363 tendo
251 1318 385 1378 Cyclopem,
402 1316 477 1362 serum
488 1317 592 1363 Gelnteoe
608 1325 743 1369 emrtorem,
760 1314 892 1362 imitaretur
908 1331 935 1362 ec
952 1315 1109 1363 reserreo’-

169 1378 258 1442 [loroo]
277 1382 399 1442 Nusquam
410 1380 454 1427 nisi
465 1382 503 1428 bic
513 1395 556 1440 pro
563 1384 661 1442 peremi
671 1380 768 1442 reperiri
778 1381 878 1427 videtur.

200 1445 304 1501 lid-7⁰.
329 1443 466 1507 [Donorret]
491 1447 700 1493 ‘conrecrarsetne
720 1446 746 1491 in
764 1446 858 1508 signum
874 1444 988 1491 libertatis
1005 1454 1109 1505 ecceptre

167 1518 273 1557 ceoenem
287 1511 392 1566 Laribus,
409 1519 435 1556 ut
443 1510 540 1570 ingenui
552 1511 619 1571 pueri
632 1508 737 1570 (sumpti
748 1510 810 1556 birili
821 1508 888 1571 topi)
903 1510 978 1556 bullas
989 1519 1012 1556 et
1023 1512 1108 1570 puellm

167 1575 267 1638 puparl'
308 1573 411 1634 Fugitivi
430 1584 508 1622 eutem
527 1584 551 1622 et
569 1576 658 1622 ostierii
679 1575 816 1634 plerumque
837 1575 946 1621 catenati.
957 1601 989 1610 -
1001 1571 1108 1636 [Nihilo]

168 1639 316 1699 bisyllabum‚
332 1650 359 1685 ut
376 1642 491 1688 redemere
505 1641 565 1701 llpp.
584 1641 606 1696 2,
624 1641 647 1696 2,
660 1640 713 1687 lii).
723 1664 756 1674 -
767 1636 826 1702 [uec
837 1641 920 1686 Ferrie
935 1637 1008 1696 libre]
1026 1641 1110 1690 Quum

167 1718 287 1750 servorum
304 1705 440 1751 demensum
458 1715 603 1752 menstruum
620 1704 727 1764 queterni
742 1706 779 1750 rel
795 1704 861 1764 quini
875 1704 948 1750 modii
960 1711 1022 1750 erret
1036 1716 1109 1750 mv.

167 1768 280 1815 librarum
290 1768 385 1829 cinguli,
401 1770 542 1816 robustiores
556 1779 681 1829 queternrs
691 1769 729 1816 rel
744 1770 827 1829 quinas
840 1769 911 1816 libres
924 1768 991 1814 lcrris
1003 1768 1028 1814 in
1046 1783 1109 1829 punc

168 1841 193 1879 et
207 1835 272 1893 pulte
288 1833 393 1892 quotidie
407 1847 543 1881 consumere
559 1830 845 1895 poterent-[Prorm]
868 1847 911 1893 per
928 1848 953 1880 re
972 1833 1107 1894 intelligen-

168 1898 241 1944 dumr
268 1897 308 1943 ‘in
334 1900 434 1955 summi,
461 1913 509 1945 uno
535 1899 629 1955 verbor’
654 1898 732 1960 potins
755 1913 825 1959 quem
842 1899 991 1959 jungendum
1011 1913 1110 1960 prersee

170 1960 271 2009 'urende
1042 2000 1044 2005 .

160 1977 176 2025 y
201 2026 239 2082 71,
259 2026 298 2082 72.
316 2023 492 2090 [Beneventum]
510 2026 569 2074 Plin.
588 2027 620 2074 il.
639 2028 668 2075 N.
686 2028 712 2089 3,
729 2027 767 2082 16,
791 2029 941 2089 Hirpinorum
957 2029 1045 2075 colonia
1060 2041 1110 2074 erse

168 2093 329 2148 Beneventum,
346 2094 487 2152 amplectier
502 2099 589 2140 mutato
605 2096 700 2148 nomine,
715 2105 766 2154 pue
776 2095 888 2155 quendem
903 2094 1020 2153 appellate
1030 2094 1108 2140 liele·

168 2164 265 2204 rentum.
306 2157 328 2203 A
350 2157 439 2204 Caudio
461 2157 562 2204 distebet
579 2169 628 2203 xri.
644 2157 702 2204 mill.
724 2173 784 2218 pass.
798 2183 830 2192 -
844 2154 947 2219 [lorpes]
976 2158 1108 2204 Conetruer

169 2222 258 2283 Hoepee
269 2236 335 2283 perse
350 2224 417 2279 arsit,
436 2223 489 2269 dum
501 2227 577 2270 curet
591 2223 670 2269 terdon
683 2237 770 2270 moeror
781 2225 805 2269 ir
814 2225 872 2284 igni.
900 2226 912 2248 '⁶
920 2223 1001 2272 Quom
1012 2233 1110 2282 propter

169 2286 245 2346 ipsem
263 2286 359 2333 nimiam
377 2287 524 2334 redulitetem
538 2286 618 2332 minus
632 2295 713 2333 centur
728 2296 789 2334 eseet
804 2287 896 2346 hospes,
910 2302 978 2348 pene
988 2286 1048 2333 crsit
1057 2289 1110 2348 ejus

169 2352 260 2407 domur,
273 2353 329 2398 dum
341 2353 429 2407 turdos,
441 2361 465 2399 et
475 2365 514 2399 eos
525 2352 629 2411 quidem,
643 2352 668 2398 id
685 2352 748 2412 quod
762 2353 903 2404 ridebimur,
914 2365 1004 2398 mecros
1014 2352 1110 2398 veribus

170 2417 293 2462 neoclixos
304 2417 380 2463 meet!
410 2416 476 2476 Virg.
490 2417 544 2463 AEn.
556 2418 580 2472 2,
591 2416 647 2472 311,
656 2415 710 2478 jore
718 2419 832 2476 proximu
843 2419 909 2464 ardet
923 2417 1044 2477 Ucalegon.

202 2479 241 2535 78,
253 2480 292 2536 79.
309 2477 449 2542 [Atabulus]
469 2483 511 2528 liet
522 2490 605 2528 ventus
621 2495 651 2527 ex
667 2483 763 2528 Oriente
779 2482 845 2536 flens,
862 2495 931 2540 quem
949 2481 1020 2542 Apuli
1038 2481 1109 2527 bodie

169 2545 250 2590 Altino
268 2554 402 2591 vocent.—
425 2542 562 2606 erepremrte]
581 2545 656 2592 lormr
672 2546 786 2593 sermonis
804 2546 934 2605 quotidiani
952 2560 995 2607 pro
1009 2549 1108 2607 ereptis·

169 2623 249 2655 remus.
264 2633 298 2642 —
312 2607 411 2670 [Trivici
445 2614 459 2636 ‘⁴
468 2610 547 2670 oppidi
566 2610 590 2655 in
609 2611 656 2656 line
677 2611 819 2671 (lamponio,
837 2626 884 2671 quo
899 2611 1007 2657 vehiculu
1023 2613 1110 2670 J'uncte

168 2674 278 2720 accedere
290 2685 423 2733 nequeunt;
441 2689 497 2733 ergo
507 2675 619 2721 Horatius
629 2676 660 2721 ed
671 2675 750 2722 villum
757 2676 881 2723 devertit.”
892 2678 975 2723 Acron.
997 2676 1027 2722 ln
1037 2677 1110 2736 prosi

169 2751 202 2784 or.
220 2738 276 2783 ‘nisi
288 2737 312 2784 in
325 2739 449 2785 Triviceno
462 2739 678 2798 pernocterscrduc'
1051 2773 1056 2784 .

201 2801 303 2850 82-8t
316 2798 443 2864 [rapimur]
453 2805 463 2854 ,‘
471 2804 590 2851 celerrime
600 2803 724 2851 vehimur)
731 2827 760 2838 —
770 2802 900 2866 [oppidulo]
913 2806 928 2831 “
937 2803 1109 2864 Equotuticom

170 2863 199 2926 (s.
218 2867 304 2913 rectius
319 2868 414 2928 Equum
432 2866 541 2929 tuticum)
559 2869 682 2927 significet,
699 2871 765 2930 cnjus
783 2883 869 2916 nomen
885 2871 1020 2916 hexametro
1039 2885 1110 2916 versu

169 2931 290 2990 complecti
306 2946 352 2978 non
366 2941 449 2993 potest.
483 2935 533 2980 Hoc
548 2943 626 2980 eutem
644 2935 752 2994 exemplo
764 2933 858 2980 Lucilii.
891 2935 952 2980 Nem
967 2933 992 2979 in
1007 2936 1110 2994 reptimd

170 2995 247 3042 Setlri
258 2994 291 3042 ric
302 2996 349 3043 citt
366 2999 484 3046 &morem
494 2995 610 3058 eetfirtce
620 3000 670 3045 dier
680 3001 725 3054 iic,
740 2999 811 3049 Quen
824 3001 894 3059 plane
904 3001 1033 3045 beronetro
1042 3011 1110 3046 serere

169 3075 214 3107 reor
230 3063 305 3107 dicere
320 3065 406 3120 poreirr
421 3059 585 3124 (Sigillariey’
602 3065 675 3110 Seltol.
709 3065 783 3109 Verus
793 3063 852 3110 ritne
863 3065 925 3124 Equi
938 3065 1006 3110 tritici
1017 3062 1054 3122 (id
1065 3073 1109 3119 eet,

169 3126 233 3188 liqui
246 3125 334 3186 nomi)
349 3138 442 3173 auctore
454 3127 600 3174 Romanellio
611 3142 659 3174 non
669 3136 706 3175 ert
715 3129 833 3175 Scetuedo
846 3143 919 3188 prope
931 3128 1052 3183 duculum,
1066 3129 1110 3174 sed

170 3191 194 3237 S.
206 3191 323 3238 Eleuteric
332 3205 350 3236 s.
363 3192 385 3237 d
398 3192 532 3239 Liberotore
541 3207 613 3252 prope
622 3195 717 3240 Arione.
724 3217 758 3227 -
766 3189 887 3253 [perfacile
896 3188 942 3252 eet]
955 3191 1108 3250 ‘designare'

169 3256 233 3314 quod
248 3254 389 3302 eliciendum
404 3264 440 3302 est
457 3269 486 3302 er
503 3269 524 3301 v.
538 3257 622 3304 dicere.
632 3282 666 3292 —
677 3255 798 3320 [riliseicrc
812 3254 900 3318 rerum]
921 3257 980 3304 Plet.
1000 3257 1107 3319 llutbyd.

168 3334 191 3382 p.
202 3320 259 3376 ³0⁴,
272 3321 298 3366 Β.
315 3317 344 3366 τὸ
355 3315 419 3380 ὕδωρ
431 3316 594 3368 εὐωνότατον.

199 3384 303 3440 87-91.
322 3381 433 3446 [Coccei]
453 3384 522 3431 hodie
541 3385 637 3442 Cancro,
655 3386 686 3432 ed
706 3386 817 3433 eundum
836 3385 862 3430 in
882 3386 983 3444 Daunia,
1001 3397 1109 3434 mxlv·

169 3449 218 3495 mil.
234 3465 284 3510 pas.
302 3463 316 3495 r
333 3449 466 3496 Benevento
482 3448 578 3495 distent.
588 3473 623 3484 -
633 3447 722 3512 [oque]
739 3452 869 3498 Conerroe:
887 3454 927 3512 qui
939 3454 1001 3500 horse
1014 3452 1110 3511 (Cenu-

169 3510 242 3573 rium)
260 3529 304 3561 nort
321 3511 391 3576 (und)
409 3517 468 3560 urnd
486 3529 552 3574 equa
569 3515 641 3560 ditior
656 3515 738 3574 (quem
757 3516 894 3576 oppidulum
914 3531 934 3562 v.
953 3517 1004 3577 87.)
1023 3533 1039 3563 e
1047 3515 1112 3577 sorti

168 3575 277 3625 Dionaeis
286 3586 321 3625 ert
330 3581 438 3626 conditur.
446 3601 479 3612 -
488 3575 708 3640 [iocus-conditus]
718 3590 745 3626 ut
754 3579 840 3635 Greci,
851 3577 945 3642 χωρίον
952 3577 1109 3643 κνιζόμενον.

167 3663 200 3678 -
212 3637 288 3704 [bine]
299 3642 379 3692 iudea
390 3643 500 3699 cenario,
516 3656 572 3704 non,
588 3653 616 3691 ut
631 3645 672 3691 elii
687 3645 776 3702 volunt,
791 3647 822 3692 eb
836 3645 949 3706 oppidulo
958 3642 1112 3710 dplrppms
