2442 4059
388 264 587 311 sarraanum
609 267 676 310 ura.
694 268 732 310 11.
747 252 777 312 3.
1008 255 1051 314 33

112 417 263 494 Desidia3
286 430 339 483 aut
354 418 503 505 quidquid
518 418 581 483 vita
597 418 721 483 meliore
737 418 858 504 parasti,
1007 425 1046 485 15

113 505 298 569 Ponendum
314 527 403 590 aequo
417 505 528 572 animo.
572 504 618 568 Di
634 517 675 581 te,
693 505 893 590 Damasippe,
905 505 1045 592 deaeque,

113 590 232 654 Verum
247 590 286 655 ob
302 591 460 654 consilium
475 589 591 655 donent
605 605 746 655 tonsore:
770 592 823 655 sed
840 591 921 655 unde

113 676 194 740 Tam
210 677 290 740 bene
304 699 353 740 me
368 675 471 741 nosti?
495 675 662 761 Postquam
676 678 776 740 omnis
787 700 835 741 res
850 701 918 742 mea
932 678 1045 742 Janum

112 763 165 826 Ad
181 762 316 825 medium
332 764 427 829 fracta
441 774 497 837 est,
513 762 614 826 aliena
628 763 754 848 negotia
768 786 850 839 curo,

113 846 272 912 Excussus
286 848 426 934 propriis
471 848 556 913 Olim
572 871 642 912 narn
658 871 796 933 quaerere
810 849 959 928 amabam,
1004 855 1045 915 20

113 934 187 1009 Quo
201 935 286 997 vafer
301 934 353 997 ille
369 933 462 1020 pedes
477 933 599 998 lavisset
615 934 766 1020 Sisyphus
780 958 851 1011 aere,

114 1018 201 1095 Quid
216 1019 369 1106 sculptum
385 1020 512 1096 infabre,
529 1021 603 1105 quid
619 1022 719 1084 fusum
734 1021 840 1085 durius
855 1035 951 1086 esset:

115 1105 254 1170 Callidus
268 1106 339 1169 huic
354 1106 443 1192 signo
458 1106 609 1191 ponebam
626 1106 720 1171 millia
735 1120 876 1171 centum:

113 1191 232 1255 Hortos
247 1191 450 1277 egregiasque
465 1192 570 1255 domos
584 1193 746 1256 mermrier
762 1215 840 1256 unus

114 1277 197 1341 Cum
212 1276 297 1341 lucro
312 1300 434 1352 noram;
458 1278 538 1341 unde
553 1277 728 1363 frequentia
743 1277 929 1342 Mercuriale
1004 1283 1046 1342 95

113 1363 294 1448 Imposuere
309 1362 383 1427 mihi
398 1386 568 1449 cognomen
584 1366 726 1449 compita.
772 1364 864 1437 Novi,

114 1448 158 1513 Et
173 1450 271 1512 morbi
287 1448 379 1513 miror
394 1462 557 1535 purgatum
573 1462 604 1513 te
619 1450 710 1513 illius.
756 1451 855 1536 Atqui

115 1534 241 1599 Emovit
256 1546 389 1599 veterem
406 1536 481 1599 mire
497 1557 602 1611 novus,
620 1548 654 1599 ut
668 1535 753 1612 solet,
770 1537 801 1599 in
817 1559 869 1599 cor

112 1620 261 1705 Trajecto
276 1621 379 1685 lateris
393 1620 496 1685 miseri
511 1621 657 1705 capitisve
672 1620 792 1696 dolore3
1005 1625 1047 1685 29

114 1706 164 1771 Ut
179 1706 364 1794 lethargicus
378 1706 427 1771 hic
442 1730 536 1792 quum
552 1706 588 1770 lit
602 1707 698 1794 pugil,
716 1720 748 1771 et
763 1707 913 1771 medicum
931 1719 1029 1792 urget

112 1793 202 1857 Dum
218 1814 257 1855 ue
273 1792 346 1878 quid
362 1792 460 1857 simile
476 1792 556 1868 huie,
569 1806 636 1857 esto
651 1806 685 1858 ut
699 1793 783 1858 libet.
808 1793 839 1856 Ο
856 1794 943 1869 bone,
960 1815 1000 1855 ne
1016 1805 1047 1855 te

115 1878 294 1953 Frustrere;
317 1879 431 1943 insanis
445 1891 477 1943 et
492 1891 526 1942 tu
540 1878 688 1964 stultique
703 1902 798 1965 prope
813 1902 929 1955 omnes,

114 1964 241 2049 Siquid
258 1965 423 2029 Stertinius
439 1964 502 2028 veri
518 1977 632 2050 crepat,
651 1966 730 2029 unde
747 1989 805 2051 ego
820 1965 897 2029 mira
970 1977 972 1980 ’

113 2050 275 2137 Descripsi
290 2050 396 2115 docilis
412 2063 564 2135 praecepta
578 2050 653 2127 haec,
670 2063 808 2201 tempore
826 2075 887 2137 quo
902 2074 951 2115 me

114 2136 239 2200 Solutus
249 2137 343 2221 jussit
356 2136 525 2222 sapientem
541 2158 665 2221 pascere
681 2137 734 2201 bar
756 2160 814 2213 am,
1006 2142 1047 2201 35

113 2224 223 2307 Atque
237 2245 256 2285 a
272 2222 413 2287 Fabricio
428 2244 489 2285 non
506 2222 622 2287 tristem
639 2235 732 2306 ponte
747 2223 869 2286 reverti.

113 2309 198 2373 Nam
213 2307 292 2372 male
308 2332 340 2372 re
354 2310 453 2395 gesta,
470 2330 565 2393 quum
580 2307 692 2372 vellem
707 2309 828 2372 mittere
843 2319 951 2392 operto

114 2394 176 2458 Me
191 2394 292 2478 capite
307 2394 337 2457 in
356 2394 479 2469 fiumen,
495 2393 603 2457 dexter
617 2394 712 2471 stetit,
729 2406 770 2468 et,
786 2393 870 2457 Cave
886 2394 964 2481 faxis

113 2480 147 2545 T
148 2504 166 2545 e
192 2480 360 2566 quidquam
389 2479 568 2565 indignum:
600 2479 698 2564 pudor
729 2479 858 2565 (inquit)
891 2494 921 2545 te
949 2479 1047 2543 malus

199 2589 237 2630 an
264 2566 296 2641 ‘t
428 2632 431 2638 .

113 2589 314 2737 Insanosgiqui
330 2652 410 2715 inter
424 2652 548 2715 vereare
563 2650 688 2715 insanus
702 2651 816 2715 haberi.
1007 2656 1049 2713 40

114 2737 257 2802 Primum
269 2759 338 2801 nam
351 2737 513 2822 inquiram,
525 2736 598 2821 quid
613 2737 653 2801 sit
667 2738 785 2812 furere3
801 2736 892 2801 hoesi
903 2737 962 2802 erit
973 2737 1004 2800 in
1017 2750 1048 2801 te

115 2824 201 2900 Solo,
218 2824 263 2887 nil
277 2822 372 2899 verbi,
388 2845 493 2907 pereas
509 2822 584 2907 quin
600 2822 727 2897 fortiter,
743 2823 861 2887 addam.

114 2910 221 2985 Quem
236 2909 316 2974 mala
329 2908 467 2984 stultitia,
484 2921 516 2971 et
530 2930 747 2994 quemcunque
761 2909 881 2973 inscitia
895 2910 960 2973 veri

115 2996 243 3060 Caecum
259 2996 332 3082 agit,
349 2994 489 3059 insanum
507 2994 675 3081 Chrysippi
689 2994 824 3080 porticus
838 3008 871 3059 et
884 3018 961 3081 grex

116 3083 278 3147 Autumat.
338 3080 417 3145 Haec
457 3081 596 3166 populos,
644 3080 710 3145 haec
749 3103 877 3168 magnos
921 3078 1051 3145 formula

203 3190 235 3230 re
260 3189 302 3243 es,
1008 3170 1049 3225 45

116 3192 261 3337 Excepti>
275 3252 423 3338 sapiente,
441 3263 535 3316 tenet.
581 3250 675 3315 Nunc
688 3250 803 3336 accipe,
819 3274 914 3336 quare

114 3338 285 3423 Desipiant
299 3361 405 3402 omues
419 3361 507 3423 aeque
522 3360 558 3402 ae
572 3349 617 3413 tu,
633 3337 688 3422 qui
703 3338 757 3400 tibi
774 3360 885 3401 nomen

115 3424 233 3488 Insano
248 3446 385 3510 posuere.
432 3424 528 3488 Velut
543 3423 636 3500 silvis,
654 3423 706 3486 ubi
722 3424 831 3507 passim

116 3510 266 3574 Palantes
281 3532 363 3573 error
379 3523 462 3575 certo
478 3510 516 3573 de
532 3509 654 3573 tramite
670 3508 769 3594 pellit,

117 3595 179 3661 Ille
190 3595 406 3675 sinistrorsum,
423 3596 472 3661 hic
484 3595 676 3741 dextrorspm
687 3593 769 3668 abit;
786 3612 864 3654 unus
875 3565 998 3677 utrique
1014 3596 1055 3653 50

586 3700 604 3741 c
