2442 4059
379 306 578 352 sarrensem
600 306 669 351 Lm.
686 309 708 353 1.
724 293 754 353 3.

101 457 240 524 Fufidius
254 481 362 545 vappae
376 459 487 524 samam
504 460 593 525 timet
605 482 643 525 ac
657 459 829 537 nebulonis,

99 544 200 609 Dives
213 568 230 609 a
255 547 305 622 ris,
321 546 407 610 dives
421 546 528 632 positis
542 546 574 610 in
589 547 696 610 fenore
712 546 854 623 nummis,

101 630 222 706 Quinas
232 570 287 696 bie
300 631 394 717 capiti
408 632 565 696 mercedes
580 644 713 707 exsecat,
729 646 823 717 atque

101 717 228 792 Quanto
241 718 390 803 perditior
405 718 536 803 quisque
552 730 608 794 est,
626 730 711 783 tanto
725 722 824 783 acrius
839 729 939 804 urget.
997 721 1038 781 15
1118 743 1121 750 ·

101 802 236 869 Nomina
250 816 383 868 sectatur
398 804 488 868 rnodo
502 805 624 889 sumptis
640 819 725 868 veste
740 804 820 867 virili

102 888 167 953 Sub
182 888 319 974 patribus
334 890 418 953 duris
433 890 575 953 tironum.
623 890 774 968 Maxime,
791 889 861 975 quis
879 912 951 965 non,

99 974 243 1060 Jupiter!
265 976 425 1050 exclamat,
441 976 640 1061 simulatque
655 975 795 1041 audivit?
841 978 887 1040 At
901 976 932 1038 in
947 998 980 1040 se

102 1060 165 1124 Pro
179 1074 299 1146 quaestu
314 1076 470 1147 sumptum
486 1063 559 1128 facit
573 1062 632 1127 hic.
677 1063 740 1125 Vix
756 1062 880 1126 credere
896 1062 1001 1147 possis,

101 1146 203 1221 Quam
218 1148 277 1212 sibi
292 1170 354 1211 non
370 1149 410 1212 sit
423 1148 557 1225 amicus;
573 1149 617 1213 ita
633 1160 666 1211 ut
680 1162 767 1234 pater
781 1149 844 1226 ille,
856 1148 987 1213 Terenti
996 1151 1038 1209 20

101 1231 221 1297 Fabula
236 1255 328 1318 quern
344 1234 488 1298 miserum
503 1247 599 1322 gnato
616 1234 728 1298 vixisse
743 1235 850 1321 fugato

100 1317 235 1395 Inducit,
251 1342 312 1382 non
329 1341 361 1383 se
377 1321 466 1406 pejus
481 1320 663 1386 cruciaverit
675 1332 769 1406 atque
785 1322 844 1384 bic.

102 1404 136 1467 Si
153 1404 222 1489 quis
237 1428 320 1468 nunc
335 1418 461 1490 quaerat,
479 1405 553 1482 Quo
567 1429 616 1471 res
631 1406 697 1471 haec
711 1405 872 1492 pertinet?
893 1405 985 1470 illuc:

100 1489 189 1553 Dum
204 1490 302 1556 vitant
316 1491 402 1557 stulti
417 1492 500 1570 vitia,
517 1492 549 1556 in
565 1493 717 1557 contraria
732 1503 867 1557 currunt.

477 1779 597 1823 saulus
622 1780 675 1822 111.

101 1881 260 1947 Omnibus
274 1883 333 1949 boo
348 1884 454 1953 vitium
471 1900 519 1951 est
533 1885 717 1961 cantoribus,
733 1884 815 1949 inter
828 1883 942 1949 amicos

100 1969 153 2034 Ut
166 1990 324 2054 nunquam
340 1970 487 2036 inducant
500 1972 637 2036 animum
654 1986 776 2035 cantare
791 1971 901 2058 rogati,

98 2055 217 2139 lnjussi
233 2078 390 2141 nunquam
406 2057 561 2122 desistant.
608 2058 723 2122 Sardus
738 2056 870 2121 babebat

98 2140 162 2204 Ille
179 2139 332 2227 Tigellius
347 2142 414 2207 hoc.
460 2143 571 2217 Caesar,
587 2144 642 2228 qui
657 2164 768 2229 cogere
783 2157 896 2229 posset,
916 2190 918 2197 .

99 2226 139 2291 Si
154 2240 275 2312 peteret
290 2250 344 2313 per
359 2228 523 2294 amicitiam
538 2230 634 2314 patris
647 2241 740 2313 atque
755 2251 851 2306 suam,
868 2250 930 2292 non
1020 2230 1040 2288 5

98 2311 283 2397 Quidquam
299 2314 478 2398 proliceret3
501 2316 526 2379 si
542 2313 738 2391 collibuisset,
754 2315 793 2378 ab
809 2336 867 2378 ovo

97 2397 216 2483 Usque
230 2398 269 2462 ad
283 2399 363 2464 mala
377 2400 485 2465 citaret
500 2400 537 2464 Io
553 2400 696 2465 Bacchei
718 2399 809 2464 modo
823 2399 942 2464 summa

97 2482 200 2560 Voce,
217 2484 308 2548 modo
320 2485 386 2561 hac,
402 2498 524 2551 resonat
539 2509 609 2571 quae
624 2486 743 2550 chordis
758 2498 890 2571 quatuor
903 2486 974 2549 ima.

97 2569 160 2633 Nil
174 2570 293 2654 aequale
308 2571 425 2635 homini
440 2572 499 2636 fuit
513 2572 567 2636 illi.
615 2572 704 2657 Saepe
720 2572 805 2636 velut
818 2572 873 2657 qui

98 2654 268 2737 Currebat,
283 2657 405 2742 fugiens
421 2658 549 2733 hostem,
566 2680 705 2743 persaepe
721 2659 806 2722 velut
822 2657 877 2743 qui
1001 2660 1039 2718 10

95 2741 121 2805 J
125 2741 235 2805 ononis
249 2765 335 2807 sacra
348 2744 459 2808 ferret:
484 2743 616 2809 babebat
629 2766 710 2829 saepe
725 2743 884 2819 ducentos,

98 2828 195 2912 Saepe
211 2828 317 2892 decem
332 2850 454 2906 servos3
477 2829 568 2893 modo
583 2852 673 2915 reges
687 2843 781 2914 atque
796 2828 971 2904 tetrarchas,

97 2913 221 2977 Omnia
231 2937 344 2999 magna
355 2915 497 3000 loquens;
513 2915 614 2991 modo,
630 2915 679 2979 Sit
693 2916 768 2979 mihi
783 2937 889 2978 mensa
904 2914 998 2999 tripes
1009 2923 1042 2976 et

97 2998 232 3063 Concha
246 3001 317 3065 salis
333 3002 412 3086 puri,
430 3014 461 3065 et
476 3012 558 3087 toga,
576 3024 646 3086 quae
661 3001 826 3065 defendere
841 3001 949 3085 frigus,

96 3084 255 3160 Quamvis
270 3108 378 3163 crassa,
396 3098 498 3171 queat.
544 3086 660 3151 Decies
675 3098 807 3151 centena
821 3087 956 3151 dedisses
1002 3087 1041 3145 15

96 3170 190 3234 Huic
205 3192 296 3255 parco
312 3173 416 3257 paucis
431 3184 586 3249 contento,
604 3173 742 3258 quinque
758 3173 866 3236 diebus

95 3254 157 3321 Nil
174 3269 240 3321 erat
254 3257 285 3320 in
302 3257 419 3322 loculis.
465 3257 580 3322 Noctes
595 3249 742 3346 vig'ilabat
756 3259 794 3322 ad
810 3259 910 3343 ipsum

95 3340 223 3417 Mane3
246 3342 327 3406 diem
344 3356 442 3409 totum
457 3344 615 3409 stertebat.
661 3344 716 3407 Nil
731 3345 792 3408 fuit
805 3366 942 3429 unquam

96 3427 156 3491 Sic
171 3428 270 3513 impar
284 3429 352 3493 sibi.
398 3430 492 3493 Nunc
506 3430 618 3515 aliquis
632 3431 715 3494 dicat
729 3429 820 3493 mihi:
839 3429 924 3504 Quid
940 3424 999 3491 tu?

95 3512 241 3578 Nullane
270 3514 364 3580 habes
392 3513 497 3580 vitia?
552 3516 653 3581 lmmo
680 3515 741 3580 alia
769 3529 802 3581 et
829 3516 956 3579 fortasse
985 3513 1043 3577 mi-

187 3621 273 3664 nora.
1000 3604 1043 3661 20

542 3691 600 3750 1³3
