<?xml version="1.0" encoding="UTF-8"?>
<!DOCTYPE html PUBLIC "-//W3C//DTD XHTML 1.0 Transitional//EN"
    "http://www.w3.org/TR/xhtml1/DTD/xhtml1-transitional.dtd">
<html xmlns="http://www.w3.org/1999/xhtml" xml:lang="en" lang="en">
 <head>
  <title>
</title>
<meta http-equiv="Content-Type" content="text/html;charset=utf-8" />
  <meta name='ocr-system' content='tesseract 3.04.00' />
  <meta name='ocr-capabilities' content='ocr_page ocr_carea ocr_par ocr_line ocrx_word'/>
</head>
<body>
  <div class='ocr_page' id='page_1' title='image "./ecloghoratianad00flacgoog_0141.png"; bbox 0 0 2442 4059; ppageno 0'>
   <div class='ocr_carea' id='block_1_1' title="bbox 122 242 1067 311">
    <p class='ocr_par' dir='ltr' id='par_1_1' title="bbox 122 242 1067 311">
     <span class='ocr_line' id='line_1_1' title="bbox 122 242 1067 311; baseline 0.007 -19"><span class='ocrx_word' id='word_1_1' title='bbox 122 259 174 300; x_wconf 69' lang='lat' dir='ltr'><strong>m,</strong></span> <span class='ocrx_word' id='word_1_2' title='bbox 187 250 205 296; x_wconf 78' lang='lat'><strong>1.</strong></span> <span class='ocrx_word' id='word_1_3' title='bbox 219 243 254 311; x_wconf 72' lang='grc'><strong>7.]</strong></span> <span class='ocrx_word' id='word_1_4' title='bbox 457 245 740 298; x_wconf 76' lang='lat' dir='ltr'><strong>turnurnursrro.</strong></span> <span class='ocrx_word' id='word_1_5' title='bbox 1006 242 1067 310; x_wconf 80' lang='lat'><strong>133</strong></span> 
     </span>
    </p>
   </div>
   <div class='ocr_carea' id='block_1_2' title="bbox 54 395 1078 2144">
    <p class='ocr_par' dir='ltr' id='par_1_2' title="bbox 116 395 1071 640">
     <span class='ocr_line' id='line_1_2' title="bbox 120 395 1070 458; baseline -0.001 -14"><span class='ocrx_word' id='word_1_6' title='bbox 120 397 252 445; x_wconf 78' lang='lat' dir='ltr'><strong>Noviorum</strong></span> <span class='ocrx_word' id='word_1_7' title='bbox 263 398 294 444; x_wconf 84' lang='lat' dir='ltr'><strong>sd</strong></span> <span class='ocrx_word' id='word_1_8' title='bbox 305 397 366 444; x_wconf 86' lang='lat' dir='ltr'><strong>hano</strong></span> <span class='ocrx_word' id='word_1_9' title='bbox 379 403 479 444; x_wconf 85' lang='lat' dir='ltr'><strong>statuam</strong></span> <span class='ocrx_word' id='word_1_10' title='bbox 490 395 625 458; x_wconf 68' lang='lat' dir='ltr'>turpissime</span> <span class='ocrx_word' id='word_1_11' title='bbox 635 396 785 444; x_wconf 82' lang='lat' dir='ltr'><strong>ienerebstur</strong></span> <span class='ocrx_word' id='word_1_12' title='bbox 801 409 892 442; x_wconf 89' lang='lat' dir='ltr'><strong>summo</strong></span> <span class='ocrx_word' id='word_1_13' title='bbox 907 409 984 451; x_wconf 87' lang='lat' dir='ltr'><strong>mane,</strong></span> <span class='ocrx_word' id='word_1_14' title='bbox 997 411 1070 456; x_wconf 89' lang='lat' dir='ltr'><strong>quare</strong></span> 
     </span>
     <span class='ocr_line' id='line_1_3' title="bbox 116 462 1071 525; baseline -0.001 -16"><span class='ocrx_word' id='word_1_15' title='bbox 116 466 212 525; x_wconf 72' lang='lat' dir='ltr'><strong>iocatur</strong></span> <span class='ocrx_word' id='word_1_16' title='bbox 224 462 338 509; x_wconf 75' lang='lat' dir='ltr'>Horatius</span> <span class='ocrx_word' id='word_1_17' title='bbox 349 463 466 522; x_wconf 89' lang='lat' dir='ltr'><strong>inquiens,</strong></span> <span class='ocrx_word' id='word_1_18' title='bbox 476 463 596 522; x_wconf 82' lang='lat' dir='ltr'><strong>Marsyam</strong></span> <span class='ocrx_word' id='word_1_19' title='bbox 608 463 706 508; x_wconf 86' lang='lat' dir='ltr'><strong>alteram</strong></span> <span class='ocrx_word' id='word_1_20' title='bbox 724 462 809 508; x_wconf 77' lang='lat' dir='ltr'><strong>babere</strong></span> <span class='ocrx_word' id='word_1_21' title='bbox 820 475 916 506; x_wconf 87' lang='lat' dir='ltr'><strong>manum</strong></span> <span class='ocrx_word' id='word_1_22' title='bbox 927 470 1027 507; x_wconf 85' lang='lat' dir='ltr'><strong>erectam</strong></span> <span class='ocrx_word' id='word_1_23' title='bbox 1039 463 1071 508; x_wconf 86' lang='lat' dir='ltr'><strong>sd</strong></span> 
     </span>
     <span class='ocr_line' id='line_1_4' title="bbox 121 525 1071 587; baseline 0 -13"><span class='ocrx_word' id='word_1_24' title='bbox 121 528 290 587; x_wconf 86' lang='lat' dir='ltr'><strong>depellendum</strong></span> <span class='ocrx_word' id='word_1_25' title='bbox 301 527 397 581; x_wconf 80' lang='lat' dir='ltr'><strong>Novius,</strong></span> <span class='ocrx_word' id='word_1_26' title='bbox 408 529 472 587; x_wconf 91' lang='lat' dir='ltr'><strong>quod</strong></span> <span class='ocrx_word' id='word_1_27' title='bbox 486 541 566 574; x_wconf 89' lang='lat' dir='ltr'><strong>eorum</strong></span> <span class='ocrx_word' id='word_1_28' title='bbox 577 527 736 573; x_wconf 73' lang='lat' dir='ltr'><strong>feneratorum</strong></span> <span class='ocrx_word' id='word_1_29' title='bbox 752 525 923 586; x_wconf 88' lang='lat' dir='ltr'><strong>impudentiam</strong></span> <span class='ocrx_word' id='word_1_30' title='bbox 935 541 982 572; x_wconf 88' lang='lat' dir='ltr'><strong>non</strong></span> <span class='ocrx_word' id='word_1_31' title='bbox 993 535 1071 587; x_wconf 83' lang='lat' dir='ltr'><strong>posset</strong></span> 
     </span>
     <span class='ocr_line' id='line_1_5' title="bbox 121 592 255 640; baseline -0.015 0"><span class='ocrx_word' id='word_1_32' title='bbox 121 592 255 640; x_wconf 68' lang='lat' dir='ltr'><strong>sustinere!</strong></span> 
     </span>
    </p>

    <p class='ocr_par' dir='ltr' id='par_1_3' title="bbox 54 651 1074 1359">
     <span class='ocr_line' id='line_1_6' title="bbox 157 651 1070 718; baseline -0.004 -12"><span class='ocrx_word' id='word_1_33' title='bbox 157 656 292 708; x_wconf 69' lang='lat' dir='ltr'><strong>lea-124</strong></span> <span class='ocrx_word' id='word_1_34' title='bbox 311 653 363 718; x_wconf 87' lang='lat' dir='ltr'><strong>[Ad</strong></span> <span class='ocrx_word' id='word_1_35' title='bbox 372 651 492 718; x_wconf 80' lang='lat' dir='ltr'><strong>quartam]</strong></span> <span class='ocrx_word' id='word_1_36' title='bbox 503 664 606 702; x_wconf 87' lang='lat' dir='ltr'><strong>nostram</strong></span> <span class='ocrx_word' id='word_1_37' title='bbox 618 654 667 704; x_wconf 84' lang='lat' dir='ltr'><strong>iere</strong></span> <span class='ocrx_word' id='word_1_38' title='bbox 678 655 801 702; x_wconf 80' lang='lat' dir='ltr'><strong>decimam</strong></span> <span class='ocrx_word' id='word_1_39' title='bbox 818 656 915 714; x_wconf 85' lang='lat' dir='ltr'><strong>‘Usque</strong></span> <span class='ocrx_word' id='word_1_40' title='bbox 926 656 956 702; x_wconf 86' lang='lat' dir='ltr'><strong>ed</strong></span> <span class='ocrx_word' id='word_1_41' title='bbox 968 656 1028 702; x_wconf 88' lang='lat' dir='ltr'><strong>hane</strong></span> <span class='ocrx_word' id='word_1_42' title='bbox 1044 656 1070 702; x_wconf 91' lang='lat' dir='ltr'><strong>in</strong></span> 
     </span>
     <span class='ocr_line' id='line_1_7' title="bbox 122 717 1073 782; baseline -0.001 -14"><span class='ocrx_word' id='word_1_43' title='bbox 122 721 209 768; x_wconf 87' lang='lat' dir='ltr'><strong>lectulo</strong></span> <span class='ocrx_word' id='word_1_44' title='bbox 219 721 281 769; x_wconf 83' lang='lat' dir='ltr'><strong>suur’</strong></span> <span class='ocrx_word' id='word_1_45' title='bbox 298 720 358 781; x_wconf 87' lang='lat' dir='ltr'><strong>(ubi,</strong></span> <span class='ocrx_word' id='word_1_46' title='bbox 370 722 389 768; x_wconf 90' lang='lat' dir='ltr'><strong>si</strong></span> <span class='ocrx_word' id='word_1_47' title='bbox 402 722 504 776; x_wconf 79' lang='lat' dir='ltr'>lubebat,</span> <span class='ocrx_word' id='word_1_48' title='bbox 521 722 598 780; x_wconf 76' lang='lat' dir='ltr'><strong>legere</strong></span> <span class='ocrx_word' id='word_1_49' title='bbox 614 721 704 779; x_wconf 88' lang='lat' dir='ltr'><strong>aliquid</strong></span> <span class='ocrx_word' id='word_1_50' title='bbox 720 717 919 782; x_wconf 64' lang='lat' dir='ltr'><strong>poterell-[ast</strong></span> <span class='ocrx_word' id='word_1_51' title='bbox 935 718 988 782; x_wconf 76' lang='lat' dir='ltr'><strong>ego]</strong></span> <span class='ocrx_word' id='word_1_52' title='bbox 1005 723 1073 780; x_wconf 85' lang='lat' dir='ltr'><strong>‘post</strong></span> 
     </span>
     <span class='ocr_line' id='line_1_8' title="bbox 123 782 1072 848; baseline 0.002 -16"><span class='ocrx_word' id='word_1_53' title='bbox 123 795 232 846; x_wconf 89' lang='lat' dir='ltr'><strong>quartam</strong></span> <span class='ocrx_word' id='word_1_54' title='bbox 244 794 286 833; x_wconf 89' lang='lat' dir='ltr'><strong>aut</strong></span> <span class='ocrx_word' id='word_1_55' title='bbox 295 802 374 848; x_wconf 73' lang='lat' dir='ltr'><strong>sagm,</strong></span> <span class='ocrx_word' id='word_1_56' title='bbox 389 785 440 832; x_wconf 89' lang='lat' dir='ltr'><strong>sine</strong></span> <span class='ocrx_word' id='word_1_57' title='bbox 454 795 516 831; x_wconf 87' lang='lat' dir='ltr'><strong>certo</strong></span> <span class='ocrx_word' id='word_1_58' title='bbox 528 785 625 832; x_wconf 86' lang='lat' dir='ltr'><strong>consilio</strong></span> <span class='ocrx_word' id='word_1_59' title='bbox 636 785 699 830; x_wconf 90' lang='lat' dir='ltr'><strong>solus</strong></span> <span class='ocrx_word' id='word_1_60' title='bbox 709 784 805 831; x_wconf 88' lang='lat' dir='ltr'><strong>incedo&#39;</strong></span> <span class='ocrx_word' id='word_1_61' title='bbox 818 782 856 843; x_wconf 88' lang='lat' dir='ltr'><strong>(ut</strong></span> <span class='ocrx_word' id='word_1_62' title='bbox 867 801 888 830; x_wconf 85' lang='lat' dir='ltr'><strong>v.</strong></span> <span class='ocrx_word' id='word_1_63' title='bbox 902 785 955 839; x_wconf 91' lang='grc'><strong>112,</strong></span> <span class='ocrx_word' id='word_1_64' title='bbox 968 786 1009 832; x_wconf 85' lang='lat' dir='ltr'><strong>sed</strong></span> <span class='ocrx_word' id='word_1_65' title='bbox 1021 786 1044 834; x_wconf 85' lang='lat' dir='ltr'><strong>b.</strong></span> <span class='ocrx_word' id='word_1_66' title='bbox 1054 786 1072 834; x_wconf 91' lang='lat'><strong>1.</strong></span> 
     </span>
     <span class='ocr_line' id='line_1_9' title="bbox 54 841 1074 911; baseline 0.001 -15"><span class='ocrx_word' id='word_1_67' title='bbox 54 841 59 864; x_wconf 86' lang='lat'>¹</span> <span class='ocrx_word' id='word_1_68' title='bbox 123 865 194 898; x_wconf 85' lang='lat' dir='ltr'><strong>mane</strong></span> <span class='ocrx_word' id='word_1_69' title='bbox 214 860 270 898; x_wconf 90' lang='lat' dir='ltr'><strong>ante</strong></span> <span class='ocrx_word' id='word_1_70' title='bbox 285 843 437 911; x_wconf 82' lang='lat' dir='ltr'><strong>prandium);</strong></span> <span class='ocrx_word' id='word_1_71' title='bbox 454 851 510 896; x_wconf 83' lang='lat' dir='ltr'><strong>‘sut</strong></span> <span class='ocrx_word' id='word_1_72' title='bbox 527 850 546 896; x_wconf 89' lang='lat' dir='ltr'><strong>si</strong></span> <span class='ocrx_word' id='word_1_73' title='bbox 562 850 607 896; x_wconf 90' lang='lat' dir='ltr'><strong>boc</strong></span> <span class='ocrx_word' id='word_1_74' title='bbox 625 864 672 896; x_wconf 93' lang='lat' dir='ltr'><strong>non</strong></span> <span class='ocrx_word' id='word_1_75' title='bbox 689 850 773 909; x_wconf 81' lang='lat' dir='ltr'><strong>placet,</strong></span> <span class='ocrx_word' id='word_1_76' title='bbox 792 849 858 909; x_wconf 88' lang='lat' dir='ltr'><strong>prius</strong></span> <span class='ocrx_word' id='word_1_77' title='bbox 875 851 927 908; x_wconf 80' lang='lat' dir='ltr'><strong>lego</strong></span> <span class='ocrx_word' id='word_1_78' title='bbox 943 851 980 896; x_wconf 86' lang='lat' dir='ltr'><strong>vel</strong></span> <span class='ocrx_word' id='word_1_79' title='bbox 997 850 1074 897; x_wconf 87' lang='lat' dir='ltr'><strong>scribo</strong></span> 
     </span>
     <span class='ocr_line' id='line_1_10' title="bbox 123 914 1073 976; baseline -0.002 -13"><span class='ocrx_word' id='word_1_80' title='bbox 123 915 231 975; x_wconf 71' lang='lat' dir='ltr'><strong>eliquit,</strong></span> <span class='ocrx_word' id='word_1_81' title='bbox 249 925 298 962; x_wconf 92' lang='lat' dir='ltr'><strong>tum</strong></span> <span class='ocrx_word' id='word_1_82' title='bbox 316 930 392 976; x_wconf 76' lang='lat' dir='ltr'><strong>ungor</strong></span> <span class='ocrx_word' id='word_1_83' title='bbox 408 915 466 971; x_wconf 90' lang='lat' dir='ltr'><strong>oleo,</strong></span> <span class='ocrx_word' id='word_1_84' title='bbox 483 915 532 974; x_wconf 72' lang='lat' dir='ltr'><strong>pila</strong></span> <span class='ocrx_word' id='word_1_85' title='bbox 546 914 570 961; x_wconf 89' lang='lat' dir='ltr'><strong>in</strong></span> <span class='ocrx_word' id='word_1_86' title='bbox 583 916 673 974; x_wconf 76' lang='lat' dir='ltr'><strong>Campo</strong></span> <span class='ocrx_word' id='word_1_87' title='bbox 685 914 771 960; x_wconf 82' lang='lat' dir='ltr'><strong>Martio</strong></span> <span class='ocrx_word' id='word_1_88' title='bbox 784 914 884 970; x_wconf 88' lang='lat' dir='ltr'><strong>lusurus,</strong></span> <span class='ocrx_word' id='word_1_89' title='bbox 897 915 983 962; x_wconf 86' lang='lat' dir='ltr'><strong>deinde</strong></span> <span class='ocrx_word' id='word_1_90' title='bbox 1000 916 1073 970; x_wconf 79' lang='lat' dir='ltr'><strong>levor,</strong></span> 
     </span>
     <span class='ocr_line' id='line_1_11' title="bbox 123 979 1073 1042; baseline 0 -15"><span class='ocrx_word' id='word_1_91' title='bbox 123 989 206 1042; x_wconf 86' lang='lat' dir='ltr'><strong>postea</strong></span> <span class='ocrx_word' id='word_1_92' title='bbox 226 981 321 1027; x_wconf 90' lang='lat' dir='ltr'><strong>domum</strong></span> <span class='ocrx_word' id='word_1_93' title='bbox 340 982 410 1026; x_wconf 90' lang='lat' dir='ltr'><strong>redeo</strong></span> <span class='ocrx_word' id='word_1_94' title='bbox 428 980 458 1026; x_wconf 94' lang='lat' dir='ltr'><strong>ad</strong></span> <span class='ocrx_word' id='word_1_95' title='bbox 476 979 601 1039; x_wconf 88' lang='lat' dir='ltr'><strong>prandium</strong></span> <span class='ocrx_word' id='word_1_96' title='bbox 619 979 768 1034; x_wconf 88' lang='lat' dir='ltr'><strong>sumendum,</strong></span> <span class='ocrx_word' id='word_1_97' title='bbox 789 988 906 1038; x_wconf 89' lang='lat' dir='ltr'><strong>postremo</strong></span> <span class='ocrx_word' id='word_1_98' title='bbox 924 994 967 1039; x_wconf 88' lang='lat' dir='ltr'><strong>per</strong></span> <span class='ocrx_word' id='word_1_99' title='bbox 983 980 1073 1041; x_wconf 88' lang='lat' dir='ltr'><strong>aliquot</strong></span> 
     </span>
     <span class='ocr_line' id='line_1_12' title="bbox 124 1043 1074 1104; baseline -0.001 -12"><span class='ocrx_word' id='word_1_100' title='bbox 124 1045 196 1092; x_wconf 86' lang='lat' dir='ltr'><strong>boras</strong></span> <span class='ocrx_word' id='word_1_101' title='bbox 207 1045 267 1092; x_wconf 89' lang='lat' dir='ltr'><strong>otior</strong></span> <span class='ocrx_word' id='word_1_102' title='bbox 284 1043 362 1092; x_wconf 78' lang='lat' dir='ltr'><strong>domi&#39;</strong></span> <span class='ocrx_word' id='word_1_103' title='bbox 397 1045 458 1090; x_wconf 82' lang='lat' dir='ltr'><strong>Tum</strong></span> <span class='ocrx_word' id='word_1_104' title='bbox 474 1044 579 1104; x_wconf 89' lang='lat' dir='ltr'><strong>sequitur</strong></span> <span class='ocrx_word' id='word_1_105' title='bbox 594 1043 685 1103; x_wconf 88' lang='lat' dir='ltr'><strong>reliqua</strong></span> <span class='ocrx_word' id='word_1_106' title='bbox 700 1058 754 1104; x_wconf 84' lang='lat' dir='ltr'><strong>pars</strong></span> <span class='ocrx_word' id='word_1_107' title='bbox 765 1043 812 1090; x_wconf 90' lang='lat' dir='ltr'><strong>diei</strong></span> <span class='ocrx_word' id='word_1_108' title='bbox 823 1058 846 1090; x_wconf 85' lang='lat' dir='ltr'><strong>v.</strong></span> <span class='ocrx_word' id='word_1_109' title='bbox 860 1043 907 1090; x_wconf 94' lang='grc'><strong>112</strong></span> <span class='ocrx_word' id='word_1_110' title='bbox 917 1045 1074 1104; x_wconf 86' lang='lat' dir='ltr'><strong>descripta-</strong></span> 
     </span>
     <span class='ocr_line' id='line_1_13' title="bbox 125 1106 1074 1172; baseline -0.005 -16"><span class='ocrx_word' id='word_1_111' title='bbox 125 1106 275 1172; x_wconf 81' lang='lat' dir='ltr'><strong>[fraudatis]</strong></span> <span class='ocrx_word' id='word_1_112' title='bbox 293 1111 353 1156; x_wconf 87' lang='lat' dir='ltr'><strong>Oieo</strong></span> <span class='ocrx_word' id='word_1_113' title='bbox 369 1117 417 1156; x_wconf 87' lang='lat' dir='ltr'><strong>tam</strong></span> <span class='ocrx_word' id='word_1_114' title='bbox 427 1108 468 1154; x_wconf 83' lang='lat' dir='ltr'><strong>vili</strong></span> <span class='ocrx_word' id='word_1_115' title='bbox 481 1117 506 1155; x_wconf 89' lang='lat' dir='ltr'><strong>et</strong></span> <span class='ocrx_word' id='word_1_116' title='bbox 516 1109 618 1162; x_wconf 89' lang='lat' dir='ltr'><strong>rancido,</strong></span> <span class='ocrx_word' id='word_1_117' title='bbox 629 1117 656 1154; x_wconf 92' lang='lat' dir='ltr'><strong>ut</strong></span> <span class='ocrx_word' id='word_1_118' title='bbox 670 1108 772 1156; x_wconf 88' lang='lat' dir='ltr'><strong>lucernis</strong></span> <span class='ocrx_word' id='word_1_119' title='bbox 782 1106 908 1168; x_wconf 70' lang='lat' dir='ltr'>implendis</span> <span class='ocrx_word' id='word_1_120' title='bbox 918 1109 987 1155; x_wconf 89' lang='lat' dir='ltr'><strong>unice</strong></span> <span class='ocrx_word' id='word_1_121' title='bbox 999 1109 1074 1155; x_wconf 86' lang='lat' dir='ltr'><strong>inser.</strong></span> 
     </span>
     <span class='ocr_line' id='line_1_14' title="bbox 125 1170 1074 1236; baseline -0.004 -16"><span class='ocrx_word' id='word_1_122' title='bbox 125 1175 176 1221; x_wconf 81' lang='lat' dir='ltr'><strong>rire</strong></span> <span class='ocrx_word' id='word_1_123' title='bbox 185 1185 271 1235; x_wconf 86' lang='lat' dir='ltr'><strong>posset,</strong></span> <span class='ocrx_word' id='word_1_124' title='bbox 278 1174 316 1220; x_wconf 86' lang='lat' dir='ltr'><strong>hic</strong></span> <span class='ocrx_word' id='word_1_125' title='bbox 326 1189 351 1220; x_wconf 90' lang='lat' dir='ltr'><strong>se</strong></span> <span class='ocrx_word' id='word_1_126' title='bbox 360 1170 606 1236; x_wconf 73' lang='lat' dir='ltr'><strong>ungebat.·.-[Natio]</strong></span> <span class='ocrx_word' id='word_1_127' title='bbox 619 1176 634 1199; x_wconf 76' lang='lat'><strong>¹⁶</strong></span> <span class='ocrx_word' id='word_1_128' title='bbox 643 1174 714 1220; x_wconf 88' lang='lat' dir='ltr'><strong>Notat</strong></span> <span class='ocrx_word' id='word_1_129' title='bbox 722 1173 818 1220; x_wconf 83' lang='lat' dir='ltr'><strong>Nattam</strong></span> <span class='ocrx_word' id='word_1_130' title='bbox 825 1173 944 1232; x_wconf 78' lang='lat' dir='ltr'><strong>quendam</strong></span> <span class='ocrx_word' id='word_1_131' title='bbox 951 1174 1074 1220; x_wconf 59' lang='lat' dir='ltr'><strong>tenacissi-</strong></span> 
     </span>
     <span class='ocr_line' id='line_1_15' title="bbox 125 1237 1074 1299; baseline 0 -13"><span class='ocrx_word' id='word_1_132' title='bbox 125 1253 193 1286; x_wconf 88' lang='lat' dir='ltr'><strong>mum</strong></span> <span class='ocrx_word' id='word_1_133' title='bbox 204 1248 228 1286; x_wconf 90' lang='lat' dir='ltr'><strong>et</strong></span> <span class='ocrx_word' id='word_1_134' title='bbox 237 1238 447 1286; x_wconf 86' lang='lat' dir='ltr'><strong>sordidissimum.”</strong></span> <span class='ocrx_word' id='word_1_135' title='bbox 463 1240 545 1285; x_wconf 81' lang='lat' dir='ltr'><strong>Comm.</strong></span> <span class='ocrx_word' id='word_1_136' title='bbox 558 1240 596 1285; x_wconf 82' lang='lat' dir='ltr'><strong>Cr.</strong></span> <span class='ocrx_word' id='word_1_137' title='bbox 631 1239 741 1285; x_wconf 83' lang='lat' dir='ltr'><strong>ceterum</strong></span> <span class='ocrx_word' id='word_1_138' title='bbox 754 1238 842 1284; x_wconf 75' lang='lat' dir='ltr'><strong>Pinarii</strong></span> <span class='ocrx_word' id='word_1_139' title='bbox 853 1237 931 1284; x_wconf 81' lang='lat' dir='ltr'><strong>Nattae</strong></span> <span class='ocrx_word' id='word_1_140' title='bbox 948 1246 1016 1284; x_wconf 86' lang='lat' dir='ltr'><strong>erant</strong></span> <span class='ocrx_word' id='word_1_141' title='bbox 1031 1253 1074 1299; x_wconf 90' lang='lat' dir='ltr'><strong>pa·</strong></span> 
     </span>
     <span class='ocr_line' id='line_1_16' title="bbox 125 1303 597 1359; baseline -0.004 -7"><span class='ocrx_word' id='word_1_142' title='bbox 125 1303 187 1352; x_wconf 79' lang='lat' dir='ltr'><strong>uicit</strong></span> <span class='ocrx_word' id='word_1_143' title='bbox 200 1319 228 1351; x_wconf 85' lang='lat' dir='ltr'><strong>ae</strong></span> <span class='ocrx_word' id='word_1_144' title='bbox 238 1304 336 1351; x_wconf 89' lang='lat' dir='ltr'><strong>nobiles.</strong></span> <span class='ocrx_word' id='word_1_145' title='bbox 358 1304 408 1350; x_wconf 76' lang='lat' dir='ltr'><strong>cte.</strong></span> <span class='ocrx_word' id='word_1_146' title='bbox 421 1304 451 1350; x_wconf 88' lang='lat' dir='ltr'><strong>de</strong></span> <span class='ocrx_word' id='word_1_147' title='bbox 461 1304 513 1350; x_wconf 81' lang='lat' dir='ltr'><strong>Dis.</strong></span> <span class='ocrx_word' id='word_1_148' title='bbox 524 1305 547 1359; x_wconf 88' lang='grc'><strong>2,</strong></span> <span class='ocrx_word' id='word_1_149' title='bbox 558 1303 597 1350; x_wconf 84' lang='grc'><strong>21.</strong></span> 
     </span>
    </p>

    <p class='ocr_par' dir='ltr' id='par_1_4' title="bbox 125 1363 1076 1682">
     <span class='ocr_line' id='line_1_17' title="bbox 161 1363 1075 1430; baseline -0.003 -13"><span class='ocrx_word' id='word_1_150' title='bbox 161 1367 215 1418; x_wconf 73' lang='lat' dir='ltr'><strong>teu.</strong></span> <span class='ocrx_word' id='word_1_151' title='bbox 233 1365 314 1430; x_wconf 77' lang='lat' dir='ltr'><strong>[fisgs&#39;o</strong></span> <span class='ocrx_word' id='word_1_152' title='bbox 332 1369 439 1429; x_wconf 78' lang='lat' dir='ltr'><strong>Campum</strong></span> <span class='ocrx_word' id='word_1_153' title='bbox 455 1369 570 1430; x_wconf 82' lang='lat' dir='ltr'><strong>latumque</strong></span> <span class='ocrx_word' id='word_1_154' title='bbox 587 1364 709 1428; x_wconf 73' lang='lat' dir='ltr'><strong>trigonam]</strong></span> <span class='ocrx_word' id='word_1_155' title='bbox 728 1366 816 1426; x_wconf 73' lang='lat' dir='ltr'><strong>Trigon</strong></span> <span class='ocrx_word' id='word_1_156' title='bbox 828 1382 843 1414; x_wconf 90' lang='lat' dir='ltr'><strong>a</strong></span> <span class='ocrx_word' id='word_1_157' title='bbox 853 1363 983 1430; x_wconf 75' lang='grc' dir='ltr'><strong>τρίγωνος,</strong></span> <span class='ocrx_word' id='word_1_158' title='bbox 999 1381 1075 1426; x_wconf 72' lang='lat' dir='ltr'><strong>penus</strong></span> 
     </span>
     <span class='ocr_line' id='line_1_18' title="bbox 125 1431 1075 1494; baseline 0 -15"><span class='ocrx_word' id='word_1_159' title='bbox 125 1432 182 1494; x_wconf 83' lang='lat' dir='ltr'><strong>piire</strong></span> <span class='ocrx_word' id='word_1_160' title='bbox 193 1433 306 1490; x_wconf 79' lang='lat' dir='ltr'><strong>minimae,</strong></span> <span class='ocrx_word' id='word_1_161' title='bbox 321 1434 386 1481; x_wconf 84' lang='lat' dir='ltr'><strong>durre</strong></span> <span class='ocrx_word' id='word_1_162' title='bbox 403 1442 427 1480; x_wconf 91' lang='lat' dir='ltr'><strong>et</strong></span> <span class='ocrx_word' id='word_1_163' title='bbox 443 1433 511 1480; x_wconf 86' lang='lat' dir='ltr'><strong>firmo</strong></span> <span class='ocrx_word' id='word_1_164' title='bbox 527 1433 575 1494; x_wconf 89' lang='lat' dir='ltr'><strong>pilo</strong></span> <span class='ocrx_word' id='word_1_165' title='bbox 589 1433 669 1488; x_wconf 60' lang='lat' dir='ltr'><strong>terrm</strong></span> <span class='ocrx_word' id='word_1_166' title='bbox 687 1445 772 1478; x_wconf 88' lang='lat' dir='ltr'><strong>nomen</strong></span> <span class='ocrx_word' id='word_1_167' title='bbox 787 1431 843 1479; x_wconf 88' lang='lat' dir='ltr'><strong>inde</strong></span> <span class='ocrx_word' id='word_1_168' title='bbox 859 1433 963 1488; x_wconf 89' lang='lat' dir='ltr'><strong>ductum,</strong></span> <span class='ocrx_word' id='word_1_169' title='bbox 981 1433 1044 1492; x_wconf 91' lang='lat' dir='ltr'><strong>quod</strong></span> <span class='ocrx_word' id='word_1_170' title='bbox 1060 1447 1075 1480; x_wconf 89' lang='lat' dir='ltr'><strong>a</strong></span> 
     </span>
     <span class='ocr_line' id='line_1_19' title="bbox 126 1497 1075 1558; baseline 0.001 -13"><span class='ocrx_word' id='word_1_171' title='bbox 126 1498 203 1545; x_wconf 89' lang='lat' dir='ltr'><strong>tribus</strong></span> <span class='ocrx_word' id='word_1_172' title='bbox 214 1499 349 1546; x_wconf 89' lang='lat' dir='ltr'><strong>ludentibus</strong></span> <span class='ocrx_word' id='word_1_173' title='bbox 357 1500 488 1558; x_wconf 77' lang='lat' dir='ltr'><strong>jactabatur</strong></span> <span class='ocrx_word' id='word_1_174' title='bbox 499 1507 523 1545; x_wconf 89' lang='lat' dir='ltr'><strong>et</strong></span> <span class='ocrx_word' id='word_1_175' title='bbox 534 1497 631 1558; x_wconf 90' lang='lat' dir='ltr'><strong>quidem</strong></span> <span class='ocrx_word' id='word_1_176' title='bbox 641 1497 675 1543; x_wconf 88' lang='lat' dir='ltr'><strong>its</strong></span> <span class='ocrx_word' id='word_1_177' title='bbox 683 1497 810 1557; x_wconf 86' lang='lat' dir='ltr'><strong>dispositis,</strong></span> <span class='ocrx_word' id='word_1_178' title='bbox 818 1506 843 1543; x_wconf 91' lang='lat' dir='ltr'><strong>ut</strong></span> <span class='ocrx_word' id='word_1_179' title='bbox 854 1497 964 1558; x_wconf 74' lang='lat' dir='ltr'><strong>trianguli</strong></span> <span class='ocrx_word' id='word_1_180' title='bbox 976 1497 1075 1546; x_wconf 79' lang='lat' dir='ltr'><strong>tormen</strong></span> 
     </span>
     <span class='ocr_line' id='line_1_20' title="bbox 127 1559 1076 1624; baseline 0 -14"><span class='ocrx_word' id='word_1_181' title='bbox 127 1563 254 1610; x_wconf 80' lang='lat' dir='ltr'><strong>efficerent.</strong></span> <span class='ocrx_word' id='word_1_182' title='bbox 278 1563 347 1610; x_wconf 81' lang='lat' dir='ltr'><strong>biart.</strong></span> <span class='ocrx_word' id='word_1_183' title='bbox 359 1563 382 1619; x_wconf 86' lang='lat'><strong>7,</strong></span> <span class='ocrx_word' id='word_1_184' title='bbox 396 1562 435 1619; x_wconf 88' lang='grc'><strong>72,</strong></span> <span class='ocrx_word' id='word_1_185' title='bbox 447 1565 486 1610; x_wconf 78' lang='lat' dir='ltr'><strong>Sic</strong></span> <span class='ocrx_word' id='word_1_186' title='bbox 493 1564 594 1624; x_wconf 78' lang='lat' dir='ltr'><strong>palmam</strong></span> <span class='ocrx_word' id='word_1_187' title='bbox 606 1564 650 1609; x_wconf 82' lang='lat' dir='ltr'><strong>ts&#39;bs&#39;</strong></span> <span class='ocrx_word' id='word_1_188' title='bbox 660 1563 688 1610; x_wconf 81' lang='lat' dir='ltr'><strong>de</strong></span> <span class='ocrx_word' id='word_1_189' title='bbox 698 1563 787 1623; x_wconf 73' lang='lat' dir='ltr'><strong>trigona</strong></span> <span class='ocrx_word' id='word_1_190' title='bbox 796 1564 857 1610; x_wconf 76' lang='lat' dir='ltr'><strong>sado</strong></span> <span class='ocrx_word' id='word_1_191' title='bbox 872 1563 950 1610; x_wconf 80' lang='lat' dir='ltr'><strong>Uactae</strong></span> <span class='ocrx_word' id='word_1_192' title='bbox 961 1564 1000 1610; x_wconf 81' lang='lat' dir='ltr'><strong>det</strong></span> <span class='ocrx_word' id='word_1_193' title='bbox 1004 1559 1076 1623; x_wconf 84' lang='lat' dir='ltr'><strong>fusor</strong></span> 
     </span>
     <span class='ocr_line' id='line_1_21' title="bbox 127 1630 321 1682; baseline 0 -7"><span class='ocrx_word' id='word_1_194' title='bbox 127 1630 218 1682; x_wconf 74' lang='lat' dir='ltr'><strong>arbiter</strong></span> <span class='ocrx_word' id='word_1_195' title='bbox 228 1643 321 1676; x_wconf 71' lang='lat' dir='ltr'><strong>monta.</strong></span> 
     </span>
    </p>

    <p class='ocr_par' dir='ltr' id='par_1_5' title="bbox 128 1689 1078 2144">
     <span class='ocr_line' id='line_1_22' title="bbox 164 1689 1075 1753; baseline -0.002 -12"><span class='ocrx_word' id='word_1_196' title='bbox 164 1691 298 1747; x_wconf 83' lang='grc'><strong>127-131.</strong></span> <span class='ocrx_word' id='word_1_197' title='bbox 324 1689 465 1752; x_wconf 75' lang='lat' dir='ltr'><strong>interpellet]</strong></span> <span class='ocrx_word' id='word_1_198' title='bbox 484 1691 629 1752; x_wconf 85' lang='lat' dir='ltr'><strong>‘prohibeat,</strong></span> <span class='ocrx_word' id='word_1_199' title='bbox 641 1706 688 1738; x_wconf 90' lang='lat' dir='ltr'><strong>non</strong></span> <span class='ocrx_word' id='word_1_200' title='bbox 700 1691 883 1752; x_wconf 76' lang='lat' dir='ltr'><strong>sinat’-[dlssn</strong></span> <span class='ocrx_word' id='word_1_201' title='bbox 889 1689 987 1753; x_wconf 78' lang='lat' dir='ltr'><strong>derare]</strong></span> <span class='ocrx_word' id='word_1_202' title='bbox 1000 1707 1075 1753; x_wconf 89' lang='lat' dir='ltr'><strong>usque</strong></span> 
     </span>
     <span class='ocr_line' id='line_1_23' title="bbox 128 1753 1076 1818; baseline -0.001 -14"><span class='ocrx_word' id='word_1_203' title='bbox 128 1758 161 1804; x_wconf 81' lang='lat' dir='ltr'><strong>sd</strong></span> <span class='ocrx_word' id='word_1_204' title='bbox 172 1771 305 1804; x_wconf 83' lang='lat' dir='ltr'><strong>eoensm.-</strong></span> <span class='ocrx_word' id='word_1_205' title='bbox 322 1753 438 1818; x_wconf 71' lang='lat' dir='ltr'><strong>Qumtor]</strong></span> <span class='ocrx_word' id='word_1_206' title='bbox 456 1757 571 1818; x_wconf 83' lang='lat' dir='ltr'><strong>Perquarn</strong></span> <span class='ocrx_word' id='word_1_207' title='bbox 588 1757 646 1810; x_wconf 61' lang='lat' dir='ltr'><strong>seim</strong></span> <span class='ocrx_word' id='word_1_208' title='bbox 662 1770 709 1804; x_wconf 89' lang='lat' dir='ltr'><strong>non</strong></span> <span class='ocrx_word' id='word_1_209' title='bbox 725 1768 838 1803; x_wconf 82' lang='lat' dir='ltr'><strong>memoret</strong></span> <span class='ocrx_word' id='word_1_210' title='bbox 850 1756 895 1802; x_wconf 87' lang='lat' dir='ltr'><strong>nisi</strong></span> <span class='ocrx_word' id='word_1_211' title='bbox 906 1756 1013 1803; x_wconf 81' lang='lat' dir='ltr'><strong>infimum</strong></span> <span class='ocrx_word' id='word_1_212' title='bbox 1024 1771 1076 1803; x_wconf 88' lang='lat' dir='ltr'><strong>ma·</strong></span> 
     </span>
     <span class='ocr_line' id='line_1_24' title="bbox 128 1820 1075 1882; baseline -0.002 -12"><span class='ocrx_word' id='word_1_213' title='bbox 128 1821 263 1882; x_wconf 71' lang='lat' dir='ltr'><strong>gistratum,</strong></span> <span class='ocrx_word' id='word_1_214' title='bbox 280 1836 327 1881; x_wconf 92' lang='lat' dir='ltr'><strong>quo</strong></span> <span class='ocrx_word' id='word_1_215' title='bbox 344 1820 448 1868; x_wconf 77' lang='lat' dir='ltr'><strong>sexcenti</strong></span> <span class='ocrx_word' id='word_1_216' title='bbox 464 1821 504 1867; x_wconf 82' lang='lat' dir='ltr'><strong>alii</strong></span> <span class='ocrx_word' id='word_1_217' title='bbox 521 1835 643 1880; x_wconf 88' lang='lat' dir='ltr'><strong>nunquam</strong></span> <span class='ocrx_word' id='word_1_218' title='bbox 658 1821 684 1867; x_wconf 88' lang='lat' dir='ltr'><strong>in</strong></span> <span class='ocrx_word' id='word_1_219' title='bbox 701 1823 818 1868; x_wconf 88' lang='lat' dir='ltr'><strong>honorum</strong></span> <span class='ocrx_word' id='word_1_220' title='bbox 833 1836 903 1868; x_wconf 88' lang='lat' dir='ltr'><strong>cursu</strong></span> <span class='ocrx_word' id='word_1_221' title='bbox 917 1822 1009 1881; x_wconf 72' lang='lat' dir='ltr'><strong>longius</strong></span> <span class='ocrx_word' id='word_1_222' title='bbox 1019 1837 1075 1882; x_wconf 90' lang='lat' dir='ltr'><strong>pro·</strong></span> 
     </span>
     <span class='ocr_line' id='line_1_25' title="bbox 128 1885 1076 1948; baseline 0 -14"><span class='ocrx_word' id='word_1_223' title='bbox 128 1886 202 1946; x_wconf 69' lang='lat' dir='ltr'><strong>pressi</strong></span> <span class='ocrx_word' id='word_1_224' title='bbox 220 1885 294 1934; x_wconf 83' lang='lat' dir='ltr'><strong>iuncti</strong></span> <span class='ocrx_word' id='word_1_225' title='bbox 310 1894 377 1933; x_wconf 89' lang='lat' dir='ltr'><strong>erant</strong></span> <span class='ocrx_word' id='word_1_226' title='bbox 391 1900 467 1946; x_wconf 90' lang='lat' dir='ltr'><strong>neque</strong></span> <span class='ocrx_word' id='word_1_227' title='bbox 478 1887 529 1947; x_wconf 75' lang='lat' dir='ltr'><strong>eJus</strong></span> <span class='ocrx_word' id='word_1_228' title='bbox 540 1899 584 1947; x_wconf 90' lang='lat' dir='ltr'><strong>ope</strong></span> <span class='ocrx_word' id='word_1_229' title='bbox 594 1886 649 1933; x_wconf 87' lang='lat' dir='ltr'><strong>liliis</strong></span> <span class='ocrx_word' id='word_1_230' title='bbox 660 1886 830 1948; x_wconf 73' lang='lat' dir='ltr'><strong>nepotibusque</strong></span> <span class='ocrx_word' id='word_1_231' title='bbox 841 1887 915 1932; x_wconf 91' lang='lat' dir='ltr'><strong>ullum</strong></span> <span class='ocrx_word' id='word_1_232' title='bbox 926 1887 1076 1947; x_wconf 81' lang='lat' dir='ltr'><strong>splendorem</strong></span> 
     </span>
     <span class='ocr_line' id='line_1_26' title="bbox 128 1949 1078 2012; baseline 0 -14"><span class='ocrx_word' id='word_1_233' title='bbox 128 1960 277 2012; x_wconf 83' lang='lat' dir='ltr'><strong>pepererant,</strong></span> <span class='ocrx_word' id='word_1_234' title='bbox 288 1949 334 1998; x_wconf 87' lang='lat' dir='ltr'><strong>etsi</strong></span> <span class='ocrx_word' id='word_1_235' title='bbox 347 1949 411 2011; x_wconf 87' lang='lat' dir='ltr'><strong>ipsis,</strong></span> <span class='ocrx_word' id='word_1_236' title='bbox 427 1960 508 2011; x_wconf 88' lang='lat' dir='ltr'><strong>utpote</strong></span> <span class='ocrx_word' id='word_1_237' title='bbox 525 1951 660 1997; x_wconf 88' lang='lat' dir='ltr'><strong>bominibus</strong></span> <span class='ocrx_word' id='word_1_238' title='bbox 669 1952 743 2008; x_wconf 84' lang='lat' dir='ltr'><strong>novis,</strong></span> <span class='ocrx_word' id='word_1_239' title='bbox 754 1952 837 1997; x_wconf 85' lang='lat' dir='ltr'><strong>honori</strong></span> <span class='ocrx_word' id='word_1_240' title='bbox 849 1951 933 1998; x_wconf 88' lang='lat' dir='ltr'><strong>iuerat.</strong></span> <span class='ocrx_word' id='word_1_241' title='bbox 966 1950 1078 1998; x_wconf 80' lang='lat' dir='ltr'><strong>Ridicula</strong></span> 
     </span>
     <span class='ocr_line' id='line_1_27' title="bbox 129 2015 1076 2078; baseline -0.001 -14"><span class='ocrx_word' id='word_1_242' title='bbox 129 2025 212 2064; x_wconf 85' lang='lat' dir='ltr'><strong>eontra</strong></span> <span class='ocrx_word' id='word_1_243' title='bbox 227 2031 339 2076; x_wconf 73' lang='lat' dir='ltr'><strong>arrogans</strong></span> <span class='ocrx_word' id='word_1_244' title='bbox 354 2015 444 2073; x_wconf 81' lang='lat' dir='ltr'><strong>luisset,</strong></span> <span class='ocrx_word' id='word_1_245' title='bbox 461 2017 481 2063; x_wconf 88' lang='lat' dir='ltr'><strong>si</strong></span> <span class='ocrx_word' id='word_1_246' title='bbox 498 2024 621 2077; x_wconf 75' lang='lat' dir='ltr'><strong>pretorem</strong></span> <span class='ocrx_word' id='word_1_247' title='bbox 636 2017 673 2064; x_wconf 82' lang='lat' dir='ltr'><strong>sel</strong></span> <span class='ocrx_word' id='word_1_248' title='bbox 689 2018 748 2065; x_wconf 88' lang='lat' dir='ltr'><strong>aden</strong></span> <span class='ocrx_word' id='word_1_249' title='bbox 764 2017 885 2064; x_wconf 80' lang='lat' dir='ltr'><strong>consulem</strong></span> <span class='ocrx_word' id='word_1_250' title='bbox 901 2018 1076 2078; x_wconf 74' lang='lat' dir='ltr'><strong>pro&#39;questora</strong></span> 
     </span>
     <span class='ocr_line' id='line_1_28' title="bbox 128 2080 475 2144; baseline 0 -15"><span class='ocrx_word' id='word_1_251' title='bbox 128 2080 253 2144; x_wconf 86' lang='lat' dir='ltr'><strong>posuisset.</strong></span> <span class='ocrx_word' id='word_1_252' title='bbox 469 2096 475 2107; x_wconf 90' lang='grc'><strong><em>·</em></strong></span> 
     </span>
    </p>
   </div>
   <div class='ocr_carea' id='block_1_3' title="bbox 509 2211 698 2262">
    <p class='ocr_par' dir='ltr' id='par_1_6' title="bbox 509 2211 698 2262">
     <span class='ocr_line' id='line_1_29' title="bbox 509 2211 698 2262; baseline 0.011 -2"><span class='ocrx_word' id='word_1_253' title='bbox 509 2211 632 2260; x_wconf 71' lang='lat' dir='ltr'><strong>striae</strong></span> <span class='ocrx_word' id='word_1_254' title='bbox 644 2212 698 2262; x_wconf 88' lang='lat' dir='ltr'><strong>Vll.</strong></span> 
     </span>
    </p>
   </div>
   <div class='ocr_carea' id='block_1_4' title="bbox 131 2339 1083 3700">
    <p class='ocr_par' dir='ltr' id='par_1_7' title="bbox 131 2339 1083 3700">
     <span class='ocr_line' id='line_1_30' title="bbox 165 2339 1077 2402; baseline 0 -15"><span class='ocrx_word' id='word_1_255' title='bbox 165 2340 272 2390; x_wconf 72' lang='lat' dir='ltr'><strong>Areua</strong></span> <span class='ocrx_word' id='word_1_256' title='bbox 285 2340 373 2402; x_wconf 84' lang='lat' dir='ltr'><strong>Lepide</strong></span> <span class='ocrx_word' id='word_1_257' title='bbox 383 2350 469 2398; x_wconf 86' lang='lat' dir='ltr'><strong>narrat,</strong></span> <span class='ocrx_word' id='word_1_258' title='bbox 477 2341 593 2401; x_wconf 89' lang='lat' dir='ltr'><strong>quomodo</strong></span> <span class='ocrx_word' id='word_1_259' title='bbox 602 2342 629 2388; x_wconf 89' lang='lat' dir='ltr'><strong>P.</strong></span> <span class='ocrx_word' id='word_1_260' title='bbox 637 2340 748 2401; x_wconf 82' lang='lat' dir='ltr'><strong>Rupilius</strong></span> <span class='ocrx_word' id='word_1_261' title='bbox 759 2342 811 2387; x_wconf 75' lang='lat' dir='ltr'><strong>ilex</strong></span> <span class='ocrx_word' id='word_1_262' title='bbox 824 2355 877 2387; x_wconf 89' lang='lat' dir='ltr'><strong>cum</strong></span> <span class='ocrx_word' id='word_1_263' title='bbox 887 2339 965 2386; x_wconf 91' lang='lat' dir='ltr'><strong>Persio</strong></span> <span class='ocrx_word' id='word_1_264' title='bbox 974 2340 1077 2399; x_wconf 89' lang='lat' dir='ltr'><strong>quodam</strong></span> 
     </span>
     <span class='ocr_line' id='line_1_31' title="bbox 132 2404 1078 2466; baseline 0.003 -15"><span class='ocrx_word' id='word_1_265' title='bbox 132 2405 290 2462; x_wconf 75' lang='lat' dir='ltr'><strong>Clazomenis,</strong></span> <span class='ocrx_word' id='word_1_266' title='bbox 307 2406 388 2453; x_wconf 76' lang='lat' dir='ltr'><strong>lonlei</strong></span> <span class='ocrx_word' id='word_1_267' title='bbox 404 2408 468 2461; x_wconf 86' lang='lat' dir='ltr'><strong>urbe,</strong></span> <span class='ocrx_word' id='word_1_268' title='bbox 485 2419 563 2452; x_wconf 86' lang='lat' dir='ltr'><strong>coram</strong></span> <span class='ocrx_word' id='word_1_269' title='bbox 582 2406 615 2452; x_wconf 85' lang='lat' dir='ltr'><strong>bi.</strong></span> <span class='ocrx_word' id='word_1_270' title='bbox 634 2406 707 2453; x_wconf 82' lang='lat' dir='ltr'><strong>liruto</strong></span> <span class='ocrx_word' id='word_1_271' title='bbox 722 2415 863 2466; x_wconf 74' lang='lat' dir='ltr'><strong>propretore</strong></span> <span class='ocrx_word' id='word_1_272' title='bbox 876 2404 946 2460; x_wconf 78' lang='lat' dir='ltr'><strong>Asia,</strong></span> <span class='ocrx_word' id='word_1_273' title='bbox 962 2406 1078 2454; x_wconf 74' lang='lat' dir='ltr'><strong>scenima</strong></span> 
     </span>
     <span class='ocr_line' id='line_1_32' title="bbox 132 2470 1077 2531; baseline 0 -13"><span class='ocrx_word' id='word_1_274' title='bbox 132 2471 284 2518; x_wconf 88' lang='lat' dir='ltr'><strong>contentione</strong></span> <span class='ocrx_word' id='word_1_275' title='bbox 303 2471 408 2531; x_wconf 72' lang='lat' dir='ltr'><strong>litigant,</strong></span> <span class='ocrx_word' id='word_1_276' title='bbox 426 2471 535 2530; x_wconf 84' lang='lat' dir='ltr'><strong>Rupilius</strong></span> <span class='ocrx_word' id='word_1_277' title='bbox 556 2470 653 2530; x_wconf 87' lang='lat' dir='ltr'><strong>insuper</strong></span> <span class='ocrx_word' id='word_1_278' title='bbox 673 2471 827 2517; x_wconf 83' lang='lat' dir='ltr'><strong>acerbissimis</strong></span> <span class='ocrx_word' id='word_1_279' title='bbox 846 2470 963 2527; x_wconf 81' lang='lat' dir='ltr'><strong>conviciis,</strong></span> <span class='ocrx_word' id='word_1_280' title='bbox 985 2470 1077 2518; x_wconf 83' lang='lat' dir='ltr'><strong>Persius</strong></span> 
     </span>
     <span class='ocr_line' id='line_1_33' title="bbox 131 2534 1077 2596; baseline 0 -14"><span class='ocrx_word' id='word_1_281' title='bbox 131 2534 248 2582; x_wconf 72' lang='lat' dir='ltr'><strong>vilissimi</strong></span> <span class='ocrx_word' id='word_1_282' title='bbox 258 2544 326 2582; x_wconf 88' lang='lat' dir='ltr'><strong>utens</strong></span> <span class='ocrx_word' id='word_1_283' title='bbox 337 2551 392 2595; x_wconf 76' lang='lat' dir='ltr'><strong>erpa</strong></span> <span class='ocrx_word' id='word_1_284' title='bbox 405 2536 503 2583; x_wconf 88' lang='lat' dir='ltr'><strong>Brutum</strong></span> <span class='ocrx_word' id='word_1_285' title='bbox 513 2535 656 2582; x_wconf 71' lang='lat' dir='ltr'><strong>adulatione.</strong></span> <span class='ocrx_word' id='word_1_286' title='bbox 690 2536 795 2584; x_wconf 80' lang='lat' dir='ltr'><strong>Tandem</strong></span> <span class='ocrx_word' id='word_1_287' title='bbox 808 2534 901 2583; x_wconf 78' lang='lat' dir='ltr'><strong>Persius</strong></span> <span class='ocrx_word' id='word_1_288' title='bbox 912 2536 971 2582; x_wconf 77' lang='lat' dir='ltr'><strong>salse</strong></span> <span class='ocrx_word' id='word_1_289' title='bbox 981 2537 1077 2596; x_wconf 87' lang='lat' dir='ltr'><strong>aliquod</strong></span> 
     </span>
     <span class='ocr_line' id='line_1_34' title="bbox 132 2599 1077 2661; baseline 0.002 -14"><span class='ocrx_word' id='word_1_290' title='bbox 132 2599 223 2648; x_wconf 86' lang='lat' dir='ltr'><strong>dictum</strong></span> <span class='ocrx_word' id='word_1_291' title='bbox 235 2600 259 2646; x_wconf 91' lang='lat' dir='ltr'><strong>in</strong></span> <span class='ocrx_word' id='word_1_292' title='bbox 271 2600 428 2648; x_wconf 76' lang='lat' dir='ltr'><strong>adversarium</strong></span> <span class='ocrx_word' id='word_1_293' title='bbox 440 2600 564 2660; x_wconf 82' lang='lat' dir='ltr'><strong>expromit,</strong></span> <span class='ocrx_word' id='word_1_294' title='bbox 575 2601 639 2661; x_wconf 90' lang='lat' dir='ltr'><strong>quod</strong></span> <span class='ocrx_word' id='word_1_295' title='bbox 650 2601 721 2648; x_wconf 86' lang='lat' dir='ltr'><strong>totius</strong></span> <span class='ocrx_word' id='word_1_296' title='bbox 731 2601 857 2648; x_wconf 75' lang='lat' dir='ltr'><strong>historiole</strong></span> <span class='ocrx_word' id='word_1_297' title='bbox 865 2616 962 2648; x_wconf 83' lang='lat' dir='ltr'><strong>acumen</strong></span> <span class='ocrx_word' id='word_1_298' title='bbox 975 2610 999 2647; x_wconf 94' lang='lat' dir='ltr'><strong>et</strong></span> <span class='ocrx_word' id='word_1_299' title='bbox 1010 2601 1077 2661; x_wconf 83' lang='lat' dir='ltr'><strong>quasi</strong></span> 
     </span>
     <span class='ocr_line' id='line_1_35' title="bbox 132 2664 1075 2727; baseline 0.001 -15"><span class='ocrx_word' id='word_1_300' title='bbox 132 2665 263 2712; x_wconf 85' lang='lat' dir='ltr'><strong>medullam</strong></span> <span class='ocrx_word' id='word_1_301' title='bbox 283 2665 393 2721; x_wconf 87' lang='lat' dir='ltr'><strong>continet,</strong></span> <span class='ocrx_word' id='word_1_302' title='bbox 410 2679 432 2711; x_wconf 80' lang='lat' dir='ltr'><strong>v.</strong></span> <span class='ocrx_word' id='word_1_303' title='bbox 451 2664 490 2721; x_wconf 79' lang='lat'><strong>³³,</strong></span> <span class='ocrx_word' id='word_1_304' title='bbox 506 2679 571 2725; x_wconf 88' lang='lat' dir='ltr'><strong>seqq.</strong></span> <span class='ocrx_word' id='word_1_305' title='bbox 588 2674 660 2725; x_wconf 89' lang='lat' dir='ltr'><strong>atque</strong></span> <span class='ocrx_word' id='word_1_306' title='bbox 678 2667 859 2714; x_wconf 79' lang='lat' dir='ltr'><strong>narratiuncula</strong></span> <span class='ocrx_word' id='word_1_307' title='bbox 876 2667 947 2713; x_wconf 87' lang='lat' dir='ltr'><strong>finem</strong></span> <span class='ocrx_word' id='word_1_308' title='bbox 968 2666 1075 2727; x_wconf 80' lang='lat' dir='ltr'><strong>imponit.</strong></span> 
     </span>
     <span class='ocr_line' id='line_1_36' title="bbox 134 2729 1077 2790; baseline -0.001 -12"><span class='ocrx_word' id='word_1_309' title='bbox 134 2729 195 2778; x_wconf 81' lang='lat' dir='ltr'><strong>Zrll.</strong></span> <span class='ocrx_word' id='word_1_310' title='bbox 238 2729 349 2776; x_wconf 79' lang='lat' dir='ltr'><strong>Horatius</strong></span> <span class='ocrx_word' id='word_1_311' title='bbox 370 2730 477 2776; x_wconf 89' lang='lat' dir='ltr'><strong>tribunus</strong></span> <span class='ocrx_word' id='word_1_312' title='bbox 496 2729 597 2777; x_wconf 90' lang='lat' dir='ltr'><strong>militum</strong></span> <span class='ocrx_word' id='word_1_313' title='bbox 617 2733 676 2778; x_wconf 86' lang='lat' dir='ltr'><strong>duce</strong></span> <span class='ocrx_word' id='word_1_314' title='bbox 696 2732 769 2777; x_wconf 87' lang='lat' dir='ltr'><strong>Bruto</strong></span> <span class='ocrx_word' id='word_1_315' title='bbox 787 2731 836 2790; x_wconf 89' lang='lat' dir='ltr'><strong>ipse</strong></span> <span class='ocrx_word' id='word_1_316' title='bbox 855 2740 911 2776; x_wconf 87' lang='lat' dir='ltr'><strong>tuno</strong></span> <span class='ocrx_word' id='word_1_317' title='bbox 929 2731 1077 2778; x_wconf 81' lang='lat' dir='ltr'><strong>Clazomenis</strong></span> 
     </span>
     <span class='ocr_line' id='line_1_37' title="bbox 135 2793 1076 2868; baseline 0.005 -30"><span class='ocrx_word' id='word_1_318' title='bbox 135 2794 229 2840; x_wconf 82' lang='lat' dir='ltr'><strong>ridetur</strong></span> <span class='ocrx_word' id='word_1_319' title='bbox 246 2793 348 2868; x_wconf 74' lang='lat' dir='ltr'><strong>degisse,</strong></span> <span class='ocrx_word' id='word_1_320' title='bbox 367 2804 437 2855; x_wconf 88' lang='lat' dir='ltr'><strong>atque</strong></span> <span class='ocrx_word' id='word_1_321' title='bbox 457 2807 541 2844; x_wconf 83' lang='lat' dir='ltr'><strong>s.u.c.</strong></span> <span class='ocrx_word' id='word_1_322' title='bbox 564 2795 614 2850; x_wconf 85' lang='grc'><strong>713</strong></span> <span class='ocrx_word' id='word_1_323' title='bbox 634 2795 735 2856; x_wconf 87' lang='lat' dir='ltr'><strong>primam</strong></span> <span class='ocrx_word' id='word_1_324' title='bbox 755 2795 816 2841; x_wconf 86' lang='lat' dir='ltr'><strong>hanc</strong></span> <span class='ocrx_word' id='word_1_325' title='bbox 836 2810 931 2842; x_wconf 90' lang='lat' dir='ltr'><strong>suarum</strong></span> <span class='ocrx_word' id='word_1_326' title='bbox 952 2795 1076 2843; x_wconf 88' lang='lat' dir='ltr'><strong>satirarum</strong></span> 
     </span>
     <span class='ocr_line' id='line_1_38' title="bbox 133 2871 1077 2985; baseline 0 -15"><span class='ocrx_word' id='word_1_327' title='bbox 133 2871 358 2985; x_wconf 56' lang='lat' dir='ltr'><strong>w1p-oedmfllegis</strong></span> <span class='ocrx_word' id='word_1_328' title='bbox 379 2921 472 2985; x_wconf 78' lang='lat' dir='ltr'><strong>Rupili]</strong></span> <span class='ocrx_word' id='word_1_329' title='bbox 496 2924 536 2970; x_wconf 78' lang='lat'><strong>⁸1³.</strong></span> <span class='ocrx_word' id='word_1_330' title='bbox 554 2924 665 2984; x_wconf 81' lang='lat' dir='ltr'><strong>Rupilius</strong></span> <span class='ocrx_word' id='word_1_331' title='bbox 684 2925 737 2972; x_wconf 75' lang='lat' dir='ltr'><strong>ilex</strong></span> <span class='ocrx_word' id='word_1_332' title='bbox 756 2924 920 2980; x_wconf 86' lang='lat' dir='ltr'><strong>Prrenestinus,</strong></span> <span class='ocrx_word' id='word_1_333' title='bbox 937 2939 1009 2983; x_wconf 87' lang='lat' dir='ltr'><strong>eques</strong></span> <span class='ocrx_word' id='word_1_334' title='bbox 1026 2925 1077 2970; x_wconf 84' lang='lat' dir='ltr'><strong>llo-</strong></span> 
     </span>
     <span class='ocr_line' id='line_1_39' title="bbox 134 2986 1083 3049; baseline -0.001 -15"><span class='ocrx_word' id='word_1_335' title='bbox 134 3001 227 3041; x_wconf 87' lang='lat' dir='ltr'><strong>manus,</strong></span> <span class='ocrx_word' id='word_1_336' title='bbox 239 2999 264 3032; x_wconf 82' lang='lat' dir='ltr'><strong>s.</strong></span> <span class='ocrx_word' id='word_1_337' title='bbox 276 2986 331 3043; x_wconf 84' lang='grc'><strong>7112,</strong></span> <span class='ocrx_word' id='word_1_338' title='bbox 343 2989 453 3048; x_wconf 78' lang='lat' dir='ltr'><strong>magister</strong></span> <span class='ocrx_word' id='word_1_339' title='bbox 463 2988 647 3049; x_wconf 78' lang='lat' dir='ltr'><strong>publicanorum,</strong></span> <span class='ocrx_word' id='word_1_340' title='bbox 655 2990 695 3048; x_wconf 89' lang='lat' dir='ltr'><strong>qui</strong></span> <span class='ocrx_word' id='word_1_341' title='bbox 706 2989 731 3034; x_wconf 90' lang='lat' dir='ltr'><strong>in</strong></span> <span class='ocrx_word' id='word_1_342' title='bbox 742 2989 855 3048; x_wconf 79' lang='lat' dir='ltr'><strong>bithynia</strong></span> <span class='ocrx_word' id='word_1_343' title='bbox 865 2989 986 3048; x_wconf 77' lang='lat' dir='ltr'><strong>vectigalia</strong></span> <span class='ocrx_word' id='word_1_344' title='bbox 996 2990 1083 3048; x_wconf 74' lang='lat' dir='ltr'><strong>exige-¹</strong></span> 
     </span>
     <span class='ocr_line' id='line_1_40' title="bbox 134 3051 1077 3114; baseline -0.001 -14"><span class='ocrx_word' id='word_1_345' title='bbox 134 3054 201 3108; x_wconf 72' lang='lat' dir='ltr'><strong>bunt,</strong></span> <span class='ocrx_word' id='word_1_346' title='bbox 212 3051 290 3098; x_wconf 83' lang='lat' dir='ltr'><strong>iuerat</strong></span> <span class='ocrx_word' id='word_1_347' title='bbox 300 3051 360 3112; x_wconf 78' lang='lat' dir='ltr'><strong>(cic.</strong></span> <span class='ocrx_word' id='word_1_348' title='bbox 372 3055 402 3100; x_wconf 87' lang='lat' dir='ltr'><strong>ad</strong></span> <span class='ocrx_word' id='word_1_349' title='bbox 413 3054 478 3100; x_wconf 86' lang='lat' dir='ltr'><strong>Fam.</strong></span> <span class='ocrx_word' id='word_1_350' title='bbox 491 3054 529 3108; x_wconf 81' lang='lat'><strong>13,</strong></span> <span class='ocrx_word' id='word_1_351' title='bbox 540 3054 563 3109; x_wconf 86' lang='grc'><strong>9,</strong></span> <span class='ocrx_word' id='word_1_352' title='bbox 575 3051 601 3114; x_wconf 88' lang='grc'><strong>2)</strong></span> <span class='ocrx_word' id='word_1_353' title='bbox 615 3061 639 3098; x_wconf 90' lang='lat' dir='ltr'><strong>et</strong></span> <span class='ocrx_word' id='word_1_354' title='bbox 651 3062 735 3112; x_wconf 81' lang='lat' dir='ltr'><strong>&#39;postea</strong></span> <span class='ocrx_word' id='word_1_355' title='bbox 750 3068 765 3100; x_wconf 86' lang='lat' dir='ltr'><strong>a</strong></span> <span class='ocrx_word' id='word_1_356' title='bbox 781 3054 870 3101; x_wconf 86' lang='lat' dir='ltr'><strong>civibus</strong></span> <span class='ocrx_word' id='word_1_357' title='bbox 886 3053 1035 3101; x_wconf 72' lang='lat' dir='ltr'><strong>Proenestinis</strong></span> <span class='ocrx_word' id='word_1_358' title='bbox 1050 3053 1077 3099; x_wconf 87' lang='lat' dir='ltr'><strong>in</strong></span> 
     </span>
     <span class='ocr_line' id='line_1_41' title="bbox 134 3116 1076 3180; baseline 0.002 -16"><span class='ocrx_word' id='word_1_359' title='bbox 134 3116 234 3164; x_wconf 82' lang='lat' dir='ltr'><strong>erilium</strong></span> <span class='ocrx_word' id='word_1_360' title='bbox 245 3117 337 3174; x_wconf 85' lang='lat' dir='ltr'><strong>missus,</strong></span> <span class='ocrx_word' id='word_1_361' title='bbox 348 3120 392 3164; x_wconf 89' lang='lat' dir='ltr'><strong>sub</strong></span> <span class='ocrx_word' id='word_1_362' title='bbox 403 3119 428 3165; x_wconf 88' lang='lat' dir='ltr'><strong>P.</strong></span> <span class='ocrx_word' id='word_1_363' title='bbox 438 3118 504 3165; x_wconf 83' lang='lat' dir='ltr'><strong>Attio</strong></span> <span class='ocrx_word' id='word_1_364' title='bbox 512 3118 582 3173; x_wconf 89' lang='lat' dir='ltr'><strong>Varo,</strong></span> <span class='ocrx_word' id='word_1_365' title='bbox 593 3130 619 3164; x_wconf 81' lang='lat' dir='ltr'><strong>n.</strong></span> <span class='ocrx_word' id='word_1_366' title='bbox 629 3116 685 3173; x_wconf 81' lang='grc'><strong>707,</strong></span> <span class='ocrx_word' id='word_1_367' title='bbox 698 3118 723 3163; x_wconf 91' lang='lat' dir='ltr'><strong>in</strong></span> <span class='ocrx_word' id='word_1_368' title='bbox 734 3117 815 3165; x_wconf 79' lang='lat' dir='ltr'><strong>Africi</strong></span> <span class='ocrx_word' id='word_1_369' title='bbox 825 3120 942 3180; x_wconf 86' lang='lat' dir='ltr'><strong>stipendia</strong></span> <span class='ocrx_word' id='word_1_370' title='bbox 951 3125 1076 3166; x_wconf 86' lang='lat' dir='ltr'><strong>meruerat.</strong></span> 
     </span>
     <span class='ocr_line' id='line_1_42' title="bbox 136 3180 1077 3244; baseline -0.002 -16"><span class='ocrx_word' id='word_1_371' title='bbox 136 3183 166 3228; x_wconf 81' lang='grc' dir='ltr'><strong>Α.</strong></span> <span class='ocrx_word' id='word_1_372' title='bbox 178 3180 234 3237; x_wconf 89' lang='grc'><strong>711,</strong></span> <span class='ocrx_word' id='word_1_373' title='bbox 244 3182 326 3229; x_wconf 69' lang='lat' dir='ltr'><strong>Rome</strong></span> <span class='ocrx_word' id='word_1_374' title='bbox 335 3190 419 3244; x_wconf 73' lang='lat' dir='ltr'><strong>pretor</strong></span> <span class='ocrx_word' id='word_1_375' title='bbox 426 3183 508 3238; x_wconf 81' lang='lat' dir='ltr'><strong>iactus,</strong></span> <span class='ocrx_word' id='word_1_376' title='bbox 516 3183 557 3228; x_wconf 93' lang='lat' dir='ltr'><strong>sed</strong></span> <span class='ocrx_word' id='word_1_377' title='bbox 568 3182 719 3229; x_wconf 84' lang='lat' dir='ltr'><strong>atriumviris</strong></span> <span class='ocrx_word' id='word_1_378' title='bbox 726 3184 953 3230; x_wconf 85' lang='lat' dir='ltr'><strong>Octavianoauctore</strong></span> <span class='ocrx_word' id='word_1_379' title='bbox 961 3180 1077 3243; x_wconf 83' lang='lat' dir='ltr'><strong>proscrip-</strong></span> 
     </span>
     <span class='ocr_line' id='line_1_43' title="bbox 135 3245 1079 3310; baseline -0.002 -16"><span class='ocrx_word' id='word_1_380' title='bbox 135 3255 182 3300; x_wconf 85' lang='lat' dir='ltr'><strong>tus,</strong></span> <span class='ocrx_word' id='word_1_381' title='bbox 193 3247 224 3292; x_wconf 88' lang='lat' dir='ltr'><strong>ad</strong></span> <span class='ocrx_word' id='word_1_382' title='bbox 236 3246 336 3294; x_wconf 88' lang='lat' dir='ltr'><strong>Brutum</strong></span> <span class='ocrx_word' id='word_1_383' title='bbox 347 3247 414 3308; x_wconf 70' lang='lat' dir='ltr'><strong>sugit,</strong></span> <span class='ocrx_word' id='word_1_384' title='bbox 424 3262 439 3293; x_wconf 91' lang='lat' dir='ltr'><strong>s</strong></span> <span class='ocrx_word' id='word_1_385' title='bbox 449 3261 496 3307; x_wconf 89' lang='lat' dir='ltr'><strong>quo</strong></span> <span class='ocrx_word' id='word_1_386' title='bbox 506 3248 530 3293; x_wconf 91' lang='lat' dir='ltr'><strong>in</strong></span> <span class='ocrx_word' id='word_1_387' title='bbox 542 3247 654 3294; x_wconf 86' lang='lat' dir='ltr'><strong>comitum</strong></span> <span class='ocrx_word' id='word_1_388' title='bbox 663 3248 781 3294; x_wconf 85' lang='lat' dir='ltr'><strong>cohortem</strong></span> <span class='ocrx_word' id='word_1_389' title='bbox 793 3259 899 3310; x_wconf 87' lang='lat' dir='ltr'><strong>receptus</strong></span> <span class='ocrx_word' id='word_1_390' title='bbox 907 3256 950 3295; x_wconf 90' lang='lat' dir='ltr'><strong>est.</strong></span> <span class='ocrx_word' id='word_1_391' title='bbox 966 3245 1079 3292; x_wconf 85' lang='lat' dir='ltr'><strong>Testibus</strong></span> 
     </span>
     <span class='ocr_line' id='line_1_44' title="bbox 136 3311 1078 3374; baseline -0.003 -16"><span class='ocrx_word' id='word_1_392' title='bbox 136 3311 273 3358; x_wconf 82' lang='lat' dir='ltr'><strong>Scholiastis</strong></span> <span class='ocrx_word' id='word_1_393' title='bbox 286 3312 384 3359; x_wconf 86' lang='lat' dir='ltr'><strong>Horatio</strong></span> <span class='ocrx_word' id='word_1_394' title='bbox 394 3312 564 3372; x_wconf 68' lang='lat' dir='ltr'><strong>ignobilitatem</strong></span> <span class='ocrx_word' id='word_1_395' title='bbox 578 3312 672 3372; x_wconf 79' lang='lat' dir='ltr'><strong>pencris</strong></span> <span class='ocrx_word' id='word_1_396' title='bbox 688 3327 750 3373; x_wconf 73' lang='lat' dir='ltr'><strong>sape</strong></span> <span class='ocrx_word' id='word_1_397' title='bbox 760 3313 924 3374; x_wconf 70' lang='lat' dir='ltr'><strong>exprobravit,</strong></span> <span class='ocrx_word' id='word_1_398' title='bbox 940 3325 1010 3371; x_wconf 91' lang='lat' dir='ltr'><strong>quam</strong></span> <span class='ocrx_word' id='word_1_399' title='bbox 1022 3324 1078 3356; x_wconf 89' lang='lat' dir='ltr'><strong>eon·</strong></span> 
     </span>
     <span class='ocr_line' id='line_1_45' title="bbox 134 3371 1077 3438; baseline -0.003 -16"><span class='ocrx_word' id='word_1_400' title='bbox 134 3375 260 3422; x_wconf 84' lang='lat' dir='ltr'><strong>tumeliam</strong></span> <span class='ocrx_word' id='word_1_401' title='bbox 276 3377 367 3424; x_wconf 88' lang='lat' dir='ltr'><strong>ulturus</strong></span> <span class='ocrx_word' id='word_1_402' title='bbox 383 3385 453 3438; x_wconf 87' lang='lat' dir='ltr'><strong>poeta</strong></span> <span class='ocrx_word' id='word_1_403' title='bbox 468 3391 523 3424; x_wconf 89' lang='lat' dir='ltr'><strong>eum</strong></span> <span class='ocrx_word' id='word_1_404' title='bbox 540 3377 585 3423; x_wconf 85' lang='lat' dir='ltr'><strong>hac</strong></span> <span class='ocrx_word' id='word_1_405' title='bbox 602 3377 675 3424; x_wconf 78' lang='lat' dir='ltr'><strong>urire</strong></span> <span class='ocrx_word' id='word_1_406' title='bbox 690 3377 769 3424; x_wconf 88' lang='lat' dir='ltr'><strong>irrisit.</strong></span> <span class='ocrx_word' id='word_1_407' title='bbox 791 3371 995 3438; x_wconf 61' lang='lat' dir='ltr'><strong>Spain-[pas]</strong></span> <span class='ocrx_word' id='word_1_408' title='bbox 1014 3389 1077 3421; x_wconf 84' lang='lat' dir='ltr'><strong>mor·</strong></span> 
     </span>
     <span class='ocr_line' id='line_1_46' title="bbox 135 3439 1079 3502; baseline -0.002 -14"><span class='ocrx_word' id='word_1_409' title='bbox 135 3440 225 3488; x_wconf 86' lang='lat' dir='ltr'><strong>dacitas</strong></span> <span class='ocrx_word' id='word_1_410' title='bbox 241 3449 266 3486; x_wconf 92' lang='lat' dir='ltr'><strong>et</strong></span> <span class='ocrx_word' id='word_1_411' title='bbox 280 3441 444 3488; x_wconf 80' lang='lat' dir='ltr'><strong>maledicentia</strong></span> <span class='ocrx_word' id='word_1_412' title='bbox 458 3439 591 3502; x_wconf 77' lang='lat' dir='ltr'><strong>impurare</strong></span> <span class='ocrx_word' id='word_1_413' title='bbox 606 3441 726 3502; x_wconf 84' lang='lat' dir='ltr'><strong>pestilens.</strong></span> <span class='ocrx_word' id='word_1_414' title='bbox 761 3443 821 3489; x_wconf 80' lang='lat' dir='ltr'><strong>llos:</strong></span> <span class='ocrx_word' id='word_1_415' title='bbox 836 3444 913 3502; x_wconf 77' lang='lat' dir='ltr'><strong>poiens</strong></span> <span class='ocrx_word' id='word_1_416' title='bbox 924 3441 971 3487; x_wconf 82' lang='lat' dir='ltr'><strong>aad</strong></span> <span class='ocrx_word' id='word_1_417' title='bbox 978 3441 1079 3501; x_wconf 77' lang='lat' dir='ltr'><strong>pall.-</strong></span> 
     </span>
     <span class='ocr_line' id='line_1_47' title="bbox 136 3501 1077 3567; baseline 0.002 -15"><span class='ocrx_word' id='word_1_418' title='bbox 136 3501 273 3567; x_wconf 68' lang='lat' dir='ltr'><strong>[Hybrida]</strong></span> <span class='ocrx_word' id='word_1_419' title='bbox 296 3505 482 3552; x_wconf 73' lang='lat' dir='ltr'><strong>“Clazomenius</strong></span> <span class='ocrx_word' id='word_1_420' title='bbox 499 3507 562 3553; x_wconf 90' lang='lat' dir='ltr'><strong>enim</strong></span> <span class='ocrx_word' id='word_1_421' title='bbox 580 3505 635 3562; x_wconf 78' lang='lat' dir='ltr'><strong>fuit,</strong></span> <span class='ocrx_word' id='word_1_422' title='bbox 657 3517 723 3567; x_wconf 86' lang='lat' dir='ltr'><strong>patre</strong></span> <span class='ocrx_word' id='word_1_423' title='bbox 741 3506 851 3562; x_wconf 80' lang='lat' dir='ltr'><strong>Asiatico,</strong></span> <span class='ocrx_word' id='word_1_424' title='bbox 870 3514 944 3552; x_wconf 90' lang='lat' dir='ltr'><strong>rnatre</strong></span> <span class='ocrx_word' id='word_1_425' title='bbox 960 3505 1077 3554; x_wconf 72' lang='lat' dir='ltr'><strong>nonant.</strong></span> 
     </span>
     <span class='ocr_line' id='line_1_48' title="bbox 135 3569 1079 3630; baseline -0.001 -12"><span class='ocrx_word' id='word_1_426' title='bbox 135 3569 262 3618; x_wconf 78' lang='lat' dir='ltr'><strong>civitatem</strong></span> <span class='ocrx_word' id='word_1_427' title='bbox 279 3579 357 3618; x_wconf 87' lang='lat' dir='ltr'><strong>tamen</strong></span> <span class='ocrx_word' id='word_1_428' title='bbox 374 3569 506 3618; x_wconf 84' lang='lat' dir='ltr'><strong>Romanam</strong></span> <span class='ocrx_word' id='word_1_429' title='bbox 522 3570 664 3618; x_wconf 87' lang='lat' dir='ltr'><strong>obtinuerat.</strong></span> <span class='ocrx_word' id='word_1_430' title='bbox 697 3572 760 3618; x_wconf 80' lang='lat' dir='ltr'><strong>bium</strong></span> <span class='ocrx_word' id='word_1_431' title='bbox 776 3571 847 3630; x_wconf 75' lang='lat' dir='ltr'><strong>igitur</strong></span> <span class='ocrx_word' id='word_1_432' title='bbox 858 3579 884 3615; x_wconf 89' lang='lat' dir='ltr'><strong>ut</strong></span> <span class='ocrx_word' id='word_1_433' title='bbox 894 3570 1079 3618; x_wconf 86' lang='lat' dir='ltr'><strong>semiromanum</strong></span> 
     </span>
     <span class='ocr_line' id='line_1_49' title="bbox 134 3632 1079 3700; baseline -0.003 -13"><span class='ocrx_word' id='word_1_434' title='bbox 134 3635 227 3688; x_wconf 81' lang='lat' dir='ltr'><strong>deridet</strong></span> <span class='ocrx_word' id='word_1_435' title='bbox 244 3635 380 3696; x_wconf 79' lang='lat' dir='ltr'><strong>Horatiur.”</strong></span> <span class='ocrx_word' id='word_1_436' title='bbox 408 3636 447 3694; x_wconf 73' lang='lat' dir='ltr'><strong>Es</strong></span> <span class='ocrx_word' id='word_1_437' title='bbox 464 3632 680 3700; x_wconf 70' lang='lat' dir='ltr'><strong>schal—[lippis]</strong></span> <span class='ocrx_word' id='word_1_438' title='bbox 700 3635 792 3684; x_wconf 78' lang='lat' dir='ltr'><strong>“Adeo</strong></span> <span class='ocrx_word' id='word_1_439' title='bbox 808 3634 842 3682; x_wconf 84' lang='lat' dir='ltr'><strong>sit</strong></span> <span class='ocrx_word' id='word_1_440' title='bbox 857 3634 1002 3695; x_wconf 67' lang='lat' dir='ltr'><strong>divulgatum</strong></span> <span class='ocrx_word' id='word_1_441' title='bbox 1018 3649 1079 3692; x_wconf 71' lang='lat' dir='ltr'><strong>ms,</strong></span> 
     </span>
    </p>
   </div>
   <div class='ocr_carea' id='block_1_5' title="bbox 0 0 1242 4059">
    <p class='ocr_par' dir='ltr' id='par_1_8' title="bbox 0 0 1242 4059">
     <span class='ocr_line' id='line_1_50' title="bbox 0 0 1242 4059; baseline 0 0"><span class='ocrx_word' id='word_1_442' title='bbox 0 0 1242 4059; x_wconf 95' lang='lat' dir='ltr'><strong> </strong></span> 
     </span>
    </p>
   </div>
  </div>
 </body>
</html>
