2442 4059
185 262 225 323 76
439 275 681 320 narsrouaauur
704 274 771 319 arn.
788 276 811 319 1.
829 260 878 320 17.

396 570 556 614 EPISTOLA
572 571 747 618 xva-At)
769 571 919 615 SCAEVAM.

111 732 114 739 ·
188 693 350 775 Quamvis,
367 695 483 769 Scaeva,
498 693 571 758 satis
586 704 688 780 perte
703 692 760 758 tibi
775 694 918 772 consulis,
931 705 964 759 et
977 694 1037 761 scis

188 782 262 858 Quo
278 780 399 844 tandem
416 794 505 865 pacto
520 780 628 845 deceat
643 779 809 865 majoribus
824 782 889 858 uti3

184 867 293 943 Disce,
310 867 465 931 docendus
479 865 579 930 adhuc
593 889 664 951 quae
678 880 784 930 censet
797 866 955 944 amiculus,
969 880 1005 932 ut
1018 868 1043 931 si

188 955 298 1019 Caecus
313 952 371 1017 iter
386 965 555 1017 monstrare
570 952 663 1015 velit:
686 965 789 1017 tamen
804 951 937 1037 adspice,
953 954 978 1017 si
995 952 1070 1039 quid

188 1040 232 1104 Et
247 1062 311 1115 nos,
328 1040 410 1123 quod
426 1061 513 1102 cures
529 1038 686 1124 proprium
701 1038 821 1113 fecisse,
837 1038 1008 1123 loquamur.
1048 1090 1060 1109 .
1110 1044 1128 1103 5

190 1127 224 1191 Si
239 1138 270 1189 te
285 1139 373 1212 grata
388 1124 475 1209 quies
490 1138 522 1187 et
537 1124 665 1210 primam
680 1146 806 1188 somnus
821 1124 852 1187 in
870 1126 973 1188 boram

188 1212 354 1287 Delectat3
376 1212 402 1274 si
417 1223 448 1274 te
464 1209 564 1295 pulvis
578 1210 787 1295 strepitusque
802 1220 947 1287 rotarum,

191 1300 224 1363 si
242 1297 324 1362 laedit
339 1318 486 1381 caupona,
505 1295 707 1360 Ferentinum
722 1295 767 1359 ire
777 1295 916 1382 jubebo:

187 1384 271 1448 Nam
287 1405 389 1468 neque
405 1380 550 1445 divitibus
565 1381 752 1467 contingunt
765 1381 878 1468 gaudia
891 1382 973 1459 solis,

188 1470 259 1534 Nec
273 1470 353 1532 vixit
366 1468 455 1543 male,
473 1467 526 1553 qui
542 1479 632 1532 natus
646 1467 843 1553 moriensque
859 1468 978 1533 fefellit.
1092 1474 1129 1535 lo

191 1557 225 1621 Si
241 1556 383 1642 prodesse
399 1554 470 1630 tuis,
486 1553 641 1639 pauloque
658 1553 824 1640 benignius
839 1554 939 1639 ipsum

188 1642 238 1705 Te
254 1654 384 1706 tractare
399 1640 493 1716 volsa,
507 1640 636 1704 accedes
650 1640 749 1703 siccus
762 1639 801 1703 ad
818 1653 954 1705 unctum.

190 1728 224 1791 Si
240 1728 406 1813 pranderet
420 1726 487 1789 olus
501 1726 666 1812 patienter,
683 1724 809 1810 regibus
825 1726 869 1790 uti

188 1814 295 1878 Nollet
311 1812 498 1897 Aristippus.
545 1811 579 1875 Si
594 1811 687 1874 sciret
700 1811 826 1895 regibus
842 1812 897 1887 uti,

188 1899 355 1963 Fastidiret
369 1898 445 1973 olus,
462 1896 515 1981 qui
531 1919 580 1960 me
596 1909 691 1961 notat.
738 1896 849 1961 Utrius
863 1896 972 1961 horum
1092 1904 1130 1963 15

187 1986 294 2049 Verba
307 1982 419 2069 probes
435 1995 467 2046 et
479 1983 568 2059 facta,
585 1981 681 2057 doce;
703 1983 754 2046 vel
763 1983 871 2069 junior
884 1983 966 2061 audi,

189 2072 255 2136 Cur
269 2071 310 2135 sit
325 2068 476 2154 Aristippi
492 2068 593 2154 potior
607 2068 780 2133 sententia:
805 2091 939 2154 namque

189 2157 371 2223 Mordacem
389 2154 543 2241 Cynicum
559 2156 603 2217 sic
618 2154 773 2231 eludebat,
789 2172 825 2219 ut
837 2155 944 2219 aiunt:

191 2244 319 2308 Scurror
334 2264 393 2329 ego
408 2242 474 2327 ipse
489 2240 575 2317 mihi,
591 2240 708 2326 populo
722 2252 775 2303 tu:
799 2240 912 2305 rectius
927 2241 985 2305 boc
999 2251 1033 2306 et

190 2329 390 2415 Splendidius
404 2327 502 2391 multo
517 2338 572 2390 est.
609 2325 719 2410 Equus
734 2340 769 2391 ut
783 2348 834 2390 me
849 2339 961 2413 portet,
976 2327 1040 2393 alat
1053 2350 1122 2404 rex,

189 2416 335 2480 Officium
351 2413 447 2478 facio:
472 2426 506 2477 tu
522 2410 622 2497 poscis
636 2412 709 2476 vilia
723 2434 827 2476 rerum
1089 2418 1131 2477 21

188 2501 295 2567 Dante
312 2500 420 2579 minor,
436 2497 575 2584 quamvis
590 2498 652 2562 fers
666 2509 698 2562 te
713 2496 827 2562 nullius
842 2509 997 2585 egentem.

189 2586 301 2651 Omnis
317 2585 512 2671 Aristippum
528 2583 633 2648 decuit
648 2584 730 2648 color
745 2598 777 2648 et
790 2597 887 2649 status
901 2597 934 2649 et
947 2606 1005 2662 res,

189 2673 380 2737 Tentantem
395 2672 521 2755 majora,
538 2672 602 2733 scre
618 2670 821 2755 praesentibus
836 2692 969 2755 aequum.

190 2759 317 2835 Contra,
334 2780 427 2843 quem
443 2756 559 2841 duplici
573 2777 677 2841 panno
691 2755 841 2840 patientia
855 2757 947 2833 velat,
1091 2760 1136 2819 25

191 2843 342 2920 Mirabor,
358 2843 431 2907 vitae
446 2842 496 2905 via
510 2842 536 2905 si
551 2864 699 2905 conversa
712 2840 844 2906 decebit.

190 2930 281 2993 Alter
295 2951 484 3015 purpureum
499 2949 562 2991 non
577 2927 771 3012 exspectabit
784 2927 941 3003 amictum,

191 3014 355 3090 Quidlibet
369 3014 495 3078 indutus
510 3013 711 3077 celeberrima
724 3036 780 3098 per
794 3014 862 3077 loca
876 3012 976 3089 vadet,

192 3102 422 3184 Personamque
437 3101 517 3164 feret
531 3122 593 3163 non
608 3099 810 3163 inconcinnus
825 3112 1007 3183 utramque:

191 3187 282 3251 Alter
300 3186 404 3250 Mileti
420 3197 536 3249 textam
552 3207 628 3248 eane
643 3185 733 3271 pejus
748 3198 780 3249 et
793 3207 897 3272 angue

190 3272 312 3337 Vitabit
326 3271 537 3356 chlamydem3
561 3270 709 3335 morietur
723 3270 847 3356 frigore,
863 3270 889 3334 si
904 3293 965 3334 non

194 3358 352 3423 Retuleris
367 3378 513 3442 pannum.
547 3355 654 3431 Refer,
672 3368 704 3420 et
718 3356 785 3419 sine
800 3357 886 3421 vivat
898 3356 1033 3442 ineptus.

193 3445 259 3508 Res
273 3466 382 3530 gerere
398 3454 430 3505 et
444 3453 548 3525 captos
563 3442 726 3505 ostendere
741 3441 859 3506 civibus
874 3442 987 3519 hostes,

191 3530 331 3617 Attingit
344 3529 454 3594 solium
469 3526 565 3604 Jovis,
582 3539 615 3591 et
628 3526 765 3592 coelestia
780 3538 898 3604 tentat3

191 3614 388 3702 Principibus
402 3612 552 3700 placuisse
567 3612 650 3690 viris,
666 3635 728 3677 non
745 3612 853 3679 ultima
867 3615 933 3679 laus
947 3624 1004 3681 est.
1096 3620 1145 3680 35
