2442 4059
175 286 218 349 78
432 295 676 343 aersuouaanm
697 297 766 342 nra.
783 299 805 342 1.
824 282 873 344 18.

178 451 359 601 Αωδίἧὶῑιπ
387 450 463 535 quid
492 450 605 515 enim?
651 451 761 517 Castor
789 450 875 527 sciat,
902 472 943 515 an
973 448 1125 519 Dolichos

299 560 353 613 us3

180 562 391 690 Brunilusium
408 621 532 686 Minuci
548 622 658 687 melius
672 622 723 687 via
734 622 830 694 ,ducat
842 645 882 687 an
899 622 994 708 Appi.

180 712 286 786 Quem
302 709 448 774 damnosa
462 708 581 786 Venus,
600 732 693 795 quem
710 731 847 796 praeceps
861 709 929 773 alea
943 709 1049 787 nudat,

182 795 291 862 Gloria
306 818 399 881 quem
415 818 507 880 supra
521 795 601 859 vires
617 809 649 860 et
663 796 756 860 vestit
770 808 802 859 et
818 795 916 882 ungit,
1083 801 1127 860 20

182 883 287 959 Quem
304 894 390 947 tenet
403 880 525 967 argenti
541 880 607 945 sitis
622 881 799 966 importuna
812 882 981 967 famesque,

182 969 287 1045 Quem
303 968 492 1053 paupertatis
508 967 606 1052 pudor
621 980 653 1032 et
666 968 751 1054 suga,
768 966 854 1031 dives
867 968 994 1049 amicus,

164 1108 166 1113 .
183 1056 274 1140 Saepe
289 1053 397 1117 decem
413 1052 495 1117 vitiis
510 1053 696 1131 instructior,
713 1053 779 1118 odit
792 1065 825 1118 et
839 1052 961 1118 horret:

184 1141 260 1216 Aut,
277 1140 303 1204 si
319 1162 379 1203 non
397 1138 470 1216 odit,
486 1139 584 1225 regit3
607 1161 654 1216 ac,
670 1139 766 1204 veluti
781 1139 833 1225 pia
847 1152 954 1215 mater,

183 1226 259 1291 Plus
275 1249 366 1311 quam
382 1248 415 1289 se
430 1247 547 1310 sapere,
564 1238 597 1291 et
610 1225 776 1290 virtutibus
790 1248 857 1290 esse
872 1225 1005 1311 priorem
1085 1227 1127 1288 25

183 1312 271 1389 Vult,
289 1326 321 1377 et
334 1311 378 1375 ait
392 1333 490 1397 prope
504 1334 595 1375 vera:
621 1311 708 1375 Meae
726 1310 928 1395 (contendere
942 1309 1022 1395 noli)

184 1398 353 1464 Stultitiam
369 1397 529 1482 patiuntur
544 1420 638 1484 opes;
661 1398 718 1462 tibi
732 1398 861 1481 parvula
876 1420 924 1461 res
938 1408 995 1461 est

184 1485 342 1549 Arcanum
357 1506 460 1569 neque
476 1497 510 1548 tu
524 1483 709 1549 scrutaberis
723 1483 806 1547 illius
821 1505 977 1568 unqnamz

186 1569 456 1655 Commissumque
471 1583 568 1655 teges,
586 1581 618 1634 et
633 1570 705 1634 vino
720 1581 817 1634 tortus
832 1582 864 1634 et
879 1570 933 1633 iri.

184 1655 255 1719 Nec
270 1666 323 1720 tua
337 1654 473 1720 laudabis
488 1655 597 1733 studia,
612 1668 668 1720 aut
680 1655 782 1720 aliena
796 1654 982 1741 reprendes:
1084 1658 1127 1720 30

183 1740 263 1818 Neo,
281 1764 375 1827 quum
392 1740 498 1805 venari
512 1742 596 1806 volet
610 1741 673 1818 ille,
689 1753 832 1827 poemata
845 1762 973 1828 pangas.

185 1826 296 1891 Gratia
310 1826 354 1891 sic
368 1827 494 1891 fratrum
510 1827 715 1913 geminorum,
734 1826 919 1913 Amphionis
932 1839 1028 1913 atque

185 1911 286 1989 Zethi,
303 1912 443 1990 dissiluit,
459 1911 557 1977 donec
571 1926 715 1999 suspecta
728 1935 836 1977 severo
1023 1986 1026 1993 ¹

185 1997 345 2063 Conticuit
359 1998 435 2085 lyra.
481 1998 638 2064 Fratemis
654 1999 779 2063 cessisse
795 2009 920 2101 putatur

180 2083 328 2148 Moribus
344 2083 523 2169 Amphion3
546 2098 579 2149 tu
595 2084 671 2149 cede
686 2097 821 2171 potentis
835 2084 926 2149 amroi
1085 2088 1127 2149 35
1215 2125 1216 2134 κ

183 2170 324 2233 Lenibus
339 2169 491 2258 imperiis;
515 2169 699 2271 quotiesque
714 2172 825 2235 educet
840 2170 872 2233 in
887 2174 977 2258 agros

184 2255 301 2321 AEtolis
315 2268 441 2320 onerata
455 2256 554 2344 plagis
565 2256 709 2343 jumenta
722 2278 885 2341 canesque,

48 2370 74 2403 υ,
186 2342 287 2429 Surge
303 2353 335 2406 et
349 2341 525 2407 inhumanae
539 2343 658 2407 senium
674 2342 795 2429 depone
809 2344 978 2419 Camoeme,

185 2426 301 2491 Coenes
317 2440 351 2492 ut
365 2428 480 2512 pariter
494 2429 655 2529 pulmenta
669 2428 824 2492 laboribus
839 2440 943 2513 empta
952 2450 962 2503 ς

26 2492 74 2613 ῥ’..
184 2512 333 2576 Romanis
348 2513 497 2577 sollemne
512 2514 585 2578 vnis
600 2536 687 2599 opus,
705 2514 780 2580 utile
795 2515 884 2579 famae

129 2664 132 2675 ,
183 2597 329 2683 Vitaeque
344 2612 376 2663 et
392 2598 546 2676 membris,
563 2600 732 2686 praesertim
748 2623 843 2686 quum
860 2598 961 2663 valeas
976 2608 1009 2664 et

7 2676 14 2699 '
62 2684 69 2707 '
183 2682 243 2746 Vel
260 2706 350 2749 cursu
365 2696 509 2769 superare
525 2708 633 2750 canem
648 2686 700 2750 vel
714 2686 829 2750 viribus
842 2708 952 2770 aprum

186 2768 297 2833 Possis.
334 2770 435 2847 Adde,
451 2771 551 2836 virilia
566 2771 648 2857 quod
664 2772 833 2858 speciosius
846 2794 932 2835 arma

185 2854 256 2917 Non
273 2855 389 2942 estqui
405 2868 531 2935 tractet3
559 2858 627 2935 scis,
644 2880 707 2944 quo
721 2858 854 2922 clamore
869 2877 990 2921 coronae

184 2940 299 3004 Proelia
313 2942 464 3008 sustineas
479 2944 678 3029 campestria3
702 2944 837 3029 denique
853 2964 966 3008 saevam
1083 2944 1128 3005 45
1211 3009 1212 3018 ,

184 3024 332 3091 Militiam
348 3051 425 3113 puer
440 3042 472 3095 et
488 3029 673 3095 Cantabrica
689 3029 769 3094 bella
783 3029 890 3106 tulisti,

183 3112 250 3176 Sub
265 3111 353 3190 duce,
370 3115 424 3199 qui
439 3116 562 3201 templis
579 3115 763 3180 Parthorum
778 3116 868 3201 signa
881 3113 987 3214 refigit

183 3198 287 3274 Nunc,
304 3209 345 3275 et,
361 3201 386 3264 si
403 3201 477 3285 quid
492 3202 588 3278 abest,
606 3202 694 3267 Italis
708 3201 864 3287 adjudicat
877 3222 979 3266 armls.

183 3283 233 3347 Ac
249 3288 304 3369 (nc
320 3298 351 3349 te
366 3287 503 3351 retrahas
517 3299 550 3352 et
564 3287 783 3352 inexcusabilis
796 3287 892 3370 absis)

182 3369 334 3443 Quamvis
349 3371 392 3434 nil
409 3385 496 3436 extra
511 3396 674 3437 numerum
689 3373 799 3438 fecisse
815 3373 1005 3459 modumque
1084 3375 1128 3435 50

184 3454 291 3533 Curas,
309 3457 463 3521 interdum
479 3458 605 3544 nugaris
620 3482 691 3523 rure
706 3472 852 3545 paterno:

182 3538 319 3606 Partitur
335 3543 442 3608 lintres
457 3544 631 3620 exercitus3
656 3545 749 3609 Actia
763 3566 870 3630 pugna

179 3623 230 3689 Te
245 3626 323 3693 duce
338 3652 394 3716 per
408 3652 520 3717 pueros
535 3628 639 3695 hostili
653 3653 739 3695 more
753 3630 904 3709 refertur3
