2442 4059
166 280 228 346 143
493 279 777 330 turnurunuauro.
1039 279 1111 344 [aar.

164 449 207 496 pro
217 434 282 480 modo
292 449 309 480 s.
314 431 401 496 sarmd.
411 455 444 466 -
456 429 567 497 [pellem]
581 434 715 494 ‘vulpinam
726 433 791 479 illam
802 430 958 479 simulationis
967 446 996 479 ac
1006 431 1112 480 fraudis.⁹

164 499 213 546 cir.
230 499 306 546 locum
323 498 468 545 simillimum
486 501 547 560 Epp.
560 498 582 556 l,
595 499 634 554 16,
650 499 731 545 id-
742 494 802 559 [per
818 495 872 560 cra]
893 497 939 544 Sal.
951 497 1007 557 Jug.
1018 498 1060 553 81,
1074 501 1113 544 ia·

164 566 249 611 cadum
264 579 307 623 per
319 579 359 610 ora
375 570 452 609 uestra
468 565 590 625 magnifici,
608 565 648 627 dpc.
658 586 692 597 -
703 559 827 625 [cederet]
848 563 923 609 Plaut.
935 561 988 608 Cas.
1000 564 1025 618 2,
1036 563 1062 623 8,
1074 563 1114 620 tt,

165 631 199 676 At
215 629 352 675 candidatus
366 629 427 674 cedit
442 629 480 676 ltic
497 631 612 692 mastigia.
623 652 656 663 —
669 624 780 689 [Laelius]
800 629 827 674 C.
839 627 927 673 Loellus
942 627 1049 687 Sapiens,
1066 641 1113 674 ccc

164 693 321 740 nunfflb
646 710 649 715 ·

198 756 301 812 67-70.
315 754 434 820 [Metella]
447 757 491 804 Est
500 758 530 809 Q.
540 758 649 805 Caeciliua
661 757 771 804 Metellus
782 757 956 811 Macedonicus,
967 771 1013 804 cos.
1026 769 1051 803 s.
1058 768 1113 803 mc.

165 821 222 876 611,
234 823 275 881 qui
287 823 316 869 de
327 822 526 884 Pseudophilippo
537 822 697 883 triumpharit.
715 823 778 868 Plin.
789 823 820 868 ll.
830 821 861 868 N.
873 821 896 878 7,
907 822 947 877 44,
964 823 1079 883 liquidem
1089 828 1114 868 ct

165 883 275 948 Africani
289 889 403 949 sequentis
420 886 495 949 (hunc
513 889 644 941 Metellum,
661 887 738 933 virum
754 887 872 946 ceteroqui
888 884 1062 946 felicissimum)
1074 887 1113 932 irs·

165 948 335 1012 imicumsuisse
346 955 406 999 inter
416 953 559 1000 calamitates
569 953 681 1008 duxerim,
692 955 741 1013 ipso
751 959 807 1000 teste
817 953 972 999 Macedonico.
995 952 1113 1014 Siquide-

166 1017 245 1063 libers's
256 1019 341 1064 dicerit
350 1035 358 1062 .·
376 1018 412 1064 Ite
418 1019 466 1076 filii
476 1019 588 1065 celebrate
598 1020 734 1078 exsequias,-
745 1033 860 1079 nusquam
871 1018 927 1062 cinis
936 1014 1033 1077 majoris
1036 1013 1113 1076 sauss

165 1083 279 1128 videbitis.
290 1105 323 1116 -—
335 1079 426 1144 [Lupo]
440 1083 483 1128 Est
495 1083 522 1128 L.
533 1082 658 1128 Cornelius
669 1082 783 1128 Lentulus
796 1083 885 1142 Lupus,
893 1096 939 1127 coa.
956 1093 1038 1127 Luc.
1055 1081 1113 1129 588.

168 1146 291 1192 Mordaces
302 1147 326 1193 in
339 1149 401 1192 bunc
411 1146 495 1193 Lucilii
506 1162 586 1193 reram
594 1147 695 1193 serravit
703 1147 786 1193 Cicero
796 1147 826 1192 de
838 1147 867 1192 N.
880 1146 910 1192 l).
923 1145 945 1204 l,
955 1146 996 1201 88,
1008 1146 1114 1193 Tarsus

166 1214 187 1257 ri
198 1212 283 1259 Lucius
294 1228 399 1273 unquam,
408 1213 434 1258 Si
441 1212 520 1272 Lupus
530 1219 571 1258 aut
581 1213 662 1266 Carbo,
671 1212 775 1272 Neptuni
778 1212 850 1271 filiu’,
857 1213 920 1256 diam
931 1211 989 1257 Esse
997 1216 1112 1269 putasset,

168 1282 214 1322 tam
230 1279 313 1337 impius
331 1283 373 1324 aut
387 1274 491 1337 perjuru'
508 1273 660 1336 ficissetl—
671 1272 798 1338 [cooperto]
819 1284 931 1335 tanquam
949 1275 1067 1335 lapidibus
1085 1275 1112 1321 in

167 1355 221 1387 eum
234 1341 312 1401 jactis.
321 1365 353 1376 -
365 1338 491 1403 [arripuit]
509 1341 646 1401 ‘aggressus
662 1348 705 1399 eat,
723 1341 748 1386 in
760 1355 801 1387 ecs
816 1340 929 1387 acerrime
944 1339 1068 1386 invectus!
1078 1365 1113 1378 -

169 1401 299 1468 [tributim]
315 1407 370 1466 ‘per
386 1420 466 1452 ornnes
483 1406 515 1452 35
531 1406 622 1462 tribur,’
633 1406 701 1466 qussi
714 1405 826 1452 dixisset:
843 1405 972 1466 ‘populum
983 1405 1112 1452 cunctum·

167 1471 231 1517 Pers.
245 1471 265 1526 l,
280 1470 333 1524 114.
346 1471 424 1517 decuit
434 1472 538 1518 Lucilius
547 1472 632 1518 urbem.

199 1534 303 1590 71-74.
322 1532 413 1598 [sumti]
432 1539 463 1582 ‘a
478 1535 528 1582 vita
543 1536 646 1596 publica,
662 1534 703 1581 ubi
721 1535 786 1595 quasi
803 1534 828 1580 in
845 1534 944 1591 theatro,
961 1533 987 1579 iu
1003 1533 1112 1580 omnium

167 1599 255 1645 civium
267 1608 391 1660 conspectu
403 1601 569 1648 versabantur!
580 1626 612 1637 -
625 1596 663 1661 [irs
673 1597 774 1662 secreta]
785 1599 863 1645 ‘iutra
873 1613 928 1645 snos
938 1598 1040 1659 parietes
1049 1607 1076 1644 et
1084 1599 1112 1644 iu

167 1679 272 1710 smoencs
282 1664 390 1710 villarum
402 1665 521 1712 secessus!
531 1690 564 1699 —
576 1661 674 1727 [Virtus
685 1661 812 1726 Sdpicdae]
831 1664 879 1710 Cl'r.
891 1666 939 1710 Sat.
952 1663 975 1719 1,
992 1663 1016 1719 2,
1031 1663 1072 1719 ³2,
1086 1671 1113 1709 et

167 1743 238 1789 supra
249 1744 271 1775 v.
284 1725 508 1792 17.-[sapierstiri]
521 1729 624 1790 Populus
636 1744 806 1776 unoccusensu
819 1729 934 1789 Sapientis
945 1727 968 1774 ei
978 1742 1111 1787 cognomen

166 1794 286 1839 tribuerat
294 1818 327 1827 —
337 1790 470 1856 [discincti]
482 1795 575 1841 ‘soluto
586 1794 671 1841 tunica·
680 1794 784 1854 cingulo,
794 1802 822 1839 ut
830 1792 975 1840 commodius
984 1793 1112 1840 luderent'

166 1880 198 1891 -
213 1853 407 1919 [Decoqueretur]
420 1859 517 1905 ‘Donec
534 1871 601 1906 crena
617 1867 746 1921 pararetur.
779 1859 888 1906 Ostendit
903 1872 945 1918 per
960 1857 1055 1914 herbas,
1070 1871 1112 1904 ecs

166 1921 238 1968 luisse
249 1921 353 1968 sobrios!
373 1923 456 1969 Comm.
469 1924 507 1969 Cr.

198 1985 301 2040 75-78.
327 1983 467 2049 [ingenium]
487 1987 609 2038 Quatenus
629 1987 669 2035 ille
687 1988 796 2035 inventor
812 1987 885 2049 huius
903 1986 996 2047 generis
1013 1986 1112 2033 luit.-

168 2047 384 2113 [sragili-sclido]
396 2066 450 2110 gen.
465 2060 552 2112 centn,
561 2052 665 2112 imagine
676 2053 801 2114 desumpti
811 2055 840 2099 sb
851 2067 888 2107 eo,
899 2052 940 2113 qul
950 2052 1007 2098 dnm
1018 2052 1113 2098 aridius

166 2131 250 2162 nucem
267 2116 377 2176 aliquam,
390 2117 529 2176 juglandem
545 2125 602 2178 puta
616 2118 654 2163 rel
664 2119 802 2174 avellanam,
813 2118 923 2164 dentibus
932 2117 1041 2176 frangere
1051 2117 1113 2172 rult,

166 2181 282 2242 putamini
294 2182 364 2227 nimis
373 2182 432 2227 duro
443 2196 483 2228 eos
495 2181 572 2238 illidit,
584 2182 675 2242 sibique
687 2183 791 2230 dolorem
802 2189 873 2229 creat.

199 2245 238 2301 79.
256 2243 322 2307 [dinc
335 2244 465 2308 diffindere]
485 2247 552 2293 Hanc
563 2247 688 2294 lectionem
700 2255 797 2294 tuentur
808 2247 887 2294 Acron
899 2254 923 2292 et
934 2246 1025 2292 (domm
1036 2247 1111 2307 Crnq.

166 2311 199 2357 sic
209 2313 367 2371 explicantes;
386 2311 526 2368 ‘infirmare
537 2320 617 2358 contra
629 2312 714 2359 dicere.
747 2312 813 2359 iuris
822 2314 893 2358 verbo
902 2325 959 2357 usus
969 2318 1012 2356 cst.
1045 2311 1112 2357 Pre-

166 2382 204 2422 tor
222 2377 285 2422 enim
304 2377 381 2422 dicere
398 2377 495 2432 solebat,
517 2378 565 2424 Hic
583 2379 633 2424 dics
648 2377 748 2437 diffusas,
763 2377 825 2425 esto.¹
865 2377 963 2423 Servati
979 2374 1112 2422 difficiliore

165 2439 273 2496 lectione,
291 2456 320 2487 ex
339 2443 386 2501 qui
403 2455 450 2487 non
466 2442 587 2489 intellecti
602 2451 686 2488 cetera
695 2456 777 2489 omnes
789 2440 921 2504 (dcflndere,
931 2441 1058 2502 diffingere,
1069 2442 1111 2488 dc·

160 2505 259 2565 fingere,
276 2503 413 2567 defringere,
430 2507 565 2566 dfftndmc,
585 2508 695 2568 diffigcrc,
716 2504 830 2569 diffidere)
848 2513 905 2553 ortae
927 2517 990 2561 sunt,
1012 2504 1111 2552 inclinat

165 2569 258 2615 animus
270 2571 300 2616 ad
313 2571 366 2616 Feae
377 2571 608 2631 interpretationem:
626 2573 719 2618 ‘Senex
731 2572 823 2632 lepidus
836 2579 861 2618 et
871 2571 959 2618 facetus
969 2569 1045 2616 utitur
1055 2569 1109 2629 qui·

130 2672 134 2681 .
166 2633 221 2678 dem
231 2636 302 2680 verbo
318 2649 379 2694 saepe
396 2649 411 2682 a
427 2650 452 2681 ae
467 2636 548 2682 audito
562 2643 587 2682 et
601 2644 714 2696 usurpata
728 2635 754 2682 in
766 2638 822 2696 jure
836 2635 908 2690 cirili,
922 2635 964 2681 sed
975 2634 1110 2695 signillcstn

165 2697 273 2757 proprio:
291 2700 435 2756 abscindere,
451 2714 570 2747 removere
581 2715 608 2748 ac
619 2700 730 2762 rejicere.'
763 2702 817 2748 Hoc
827 2701 900 2761 igitur
910 2700 981 2747 dicits
998 2699 1123 2746 ‘omuino'

165 2769 230 2808 tuam
241 2765 380 2810 sententiam
392 2766 480 2825 probo!

198 2827 300 2874 tto-82.
319 2825 379 2889 [Sed
389 2836 463 2876 tamen
473 2836 499 2877 ut
509 2827 619 2894 monitus]
638 2829 705 2876 ‘Etsi
718 2844 787 2890 sequa
800 2837 826 2877 et
838 2845 893 2876 vera
903 2836 967 2886 sunt,
978 2843 1032 2889 quse
1041 2828 1110 2886 dieis,

166 2898 254 2947 tamen,
265 2907 294 2938 ne
306 2901 400 2954 propter
411 2895 471 2941 maia
487 2897 589 2942 carmina
602 2895 639 2955 (ld
655 2904 698 2951 est,
713 2895 814 2942 lamosm
830 2892 933 2955 libellos)
949 2895 1010 2941 actio
1024 2893 1110 2955 injuri-

166 2970 233 3002 arum
243 2956 369 3016 aliquando
380 2959 423 3004 tibi
434 2959 571 3017 intentetur,
588 2975 631 3021 pro
644 2960 748 3007 amicitiai
759 2962 839 3007 nostri
851 2959 1007 3006 necessarium
1017 2968 1077 3020 puto
1086 2968 1111 3006 te

164 3021 276 3077 monere,'
289 3023 422 3069 irc-Post
439 3038 475 3071 vv.
494 3024 624 3084 quotidiani
640 3025 754 3072 sermonis
768 3026 814 3072 Sed
827 3025 1009 3086 tamen—legum
1019 3024 1110 3082 cogita-

164 3086 229 3132 tione
250 3087 368 3147 supplebis
390 3087 470 3144 ‘scito,
493 3089 526 3135 sic
546 3090 653 3136 habetos’
674 3097 701 3135 ut
719 3104 831 3150 arepe-
843 3085 1109 3151 [sanctarum-legen]

163 3151 232 3210 ‘que
242 3154 335 3197 summi
346 3153 477 3199 reverentia
488 3153 566 3212 dignse
577 3163 704 3214 sancteque
714 3156 865 3200 obsenmdae
874 3154 946 3200 suut’
956 3177 989 3188 —
1001 3149 1061 3214 [jus
1075 3161 1111 3200 cst

157 3213 316 3277 judiciumque
341 3216 394 3261 ‘lex
406 3214 540 3277 (Cornelia)
550 3220 598 3266 lats
608 3227 644 3265 ert
655 3228 679 3266 et
689 3219 750 3266 sctio
759 3219 899 3280 injuriarum
910 3219 934 3264 in
946 3233 1002 3264 eum
1012 3217 1098 3264 datur!

197 3281 301 3328 83-85.
332 3283 353 3327 ri
363 3283 414 3342 quis
424 3279 498 3343 mala]
517 3281 634 3330 Horatius
644 3283 726 3330 festive
741 3283 827 3345 accipit
841 3285 871 3330 de
881 3283 972 3329 vitiosis
982 3293 1054 3343 atque
1070 3282 1107 3328 iu·

164 3346 232 3405 eptia.
242 3370 277 3380 —
287 3342 418 3407 [laudatus]
438 3346 498 3391 Setis
514 3347 597 3394 callide
615 3348 713 3395 Casaris
729 3349 868 3395 auctoritate
886 3349 998 3395 adversus
1014 3348 1109 3408 iniquos

163 3423 217 3455 suos
227 3425 253 3457 se
264 3412 341 3457 munit
351 3426 378 3457 ac
389 3418 485 3456 tutatur.
496 3435 528 3444 -
541 3407 687 3475 [latraverit]
703 3427 746 3474 pro
757 3413 923 3461 ‘allatrarerit¹
936 3412 999 3473 (Lis.
1009 3413 1050 3469 88,
1061 3412 1108 3458 bis

166 3473 224 3519 Cato
243 3478 363 3523 allatravit
379 3477 491 3536 Scipionis
507 3479 702 3536 magnitudinem
718 3478 789 3524 etad
805 3489 890 3525 constr.
906 3478 994 3524 latrare
1009 3479 1110 3538 aiiqacas

164 3537 203 3581 cir.
217 3539 291 3599 Epod.
303 3543 326 3595 b,
337 3542 361 3588 8.
379 3541 438 3601 Epp.
453 3539 475 3595 l,
486 3541 512 3597 2,
521 3535 578 3602 66):
596 3541 633 3587 ‘si
644 3541 669 3586 iu
680 3542 751 3588 talem
761 3542 883 3590 hominem
893 3542 999 3588 invectus
1010 3542 1072 3599 erit,’
1083 3541 1111 3588 id
1212 3568 1213 3579 ,

163 3601 226 3660 quod
238 3605 308 3652 etiam
321 3609 375 3667 jure
386 3605 437 3651 fieri
446 3611 530 3665 potest.

196 3664 234 3712 86.
253 3664 385 3729 [Salaentur
399 3673 449 3717 risu
465 3665 562 3730 nbula]
586 3669 694 3717 Matthia
710 3671 741 3718 ad
755 3670 804 3718 cic.
821 3686 865 3732 pro
881 3673 950 3719 Rcsc.
967 3671 1022 3718 Aru.
1034 3670 1048 3730 1
1058 3670 1109 3718 883
