2442 4059
90 278 222 342 amna]
425 281 708 329 ruceneaurnrro.
970 275 1031 343 192¹

91 433 174 483 ‘Quid
191 431 258 494 agitl
276 431 313 478 dic
330 431 402 485 mium
418 432 477 478 scire
494 431 557 478 enim
575 432 651 492 cupio,
669 447 715 492 quo
735 447 771 479 res
788 434 837 492 ejus
854 432 902 478 sint
915 433 987 489 loco;'
1008 442 1033 480 ut

91 500 148 558 quid
165 501 223 559 agir,
240 497 366 544 dulcissima
382 499 477 543 reram?
495 495 554 558 (Sat.
574 498 595 554 1,
612 499 636 551 9,
653 497 688 556 4.)
706 498 754 544 Cic.
766 498 796 543 ad
809 499 857 544 Aa.
870 499 892 554 8,
904 499 928 549 8.
943 500 976 544 Al
994 500 1034 546 ille

91 564 261 624 libi-perga'l
282 562 438 608 Brundisium.
460 563 544 608 Catuli.
564 562 602 618 24,
621 562 646 614 4.
666 563 760 610 Mallem
778 564 871 609 diuitias
888 565 919 608 mi
935 565 1035 610 dedisses

90 623 297 688 Isti—[Celsus]
323 625 425 673 Videtur
446 641 501 672 sane
523 628 586 673 idem
607 642 660 673 cum
682 628 752 674 Celso
773 627 926 682 Albinovano,
948 629 1033 675 comite

92 691 249 747 Albinovano,
268 691 350 737 comite
365 691 486 750 scribique
498 691 605 748 Neronis,
622 692 652 737 ad
668 707 739 751 quem
750 692 812 738 misit
825 692 952 752 Epistulam
963 693 1034 752 hujus

92 756 148 802 libri
164 766 276 803 octavam.
311 756 420 802 Diversus
437 757 519 815 utique
536 765 570 804 est
589 759 619 801 ab
636 757 663 802 Α.
676 757 784 803 Cornelio
795 758 870 814 Celso,
890 758 1034 804 medicorum

93 821 216 877 Cicerone,
232 835 301 880 quero
315 819 469 867 Horatianum
486 820 556 867 luisse
567 822 660 867 volebat
672 819 985 884 Rammius—[munitur]
1004 824 1034 868 ‘a

93 900 132 931 me
148 888 199 946 J'am
215 896 293 943 antea,
311 899 384 944 quum
397 886 477 932 Romae
495 900 541 930 una
557 886 677 932 essemua'
710 887 776 932 idem
795 885 843 932 iere
858 887 939 945 juveni
958 886 1034 934 amico
1116 908 1118 913 ·

92 951 213 1006 acclamat,
225 952 287 1009 quud
297 950 416 996 Pisunibus
427 950 452 996 in
463 953 491 997 Α.
500 951 525 996 Ρ.
539 949 592 1006 lat,
601 951 651 997 Nec
661 953 752 998 uerbum
762 953 828 998 uerbo
838 953 929 998 curabis
939 954 1033 999 reddere

85 1016 151 1073 fidas
170 1016 293 1074 latemus,
310 1030 350 1062 nec
368 1016 459 1062 desilies
472 1017 573 1062 imitator
586 1017 610 1062 ia
628 1019 723 1062 artum!
739 1016 793 1066 Quo
812 1015 870 1074 quid
887 1015 1035 1063 innocentius

93 1081 145 1126 lieri
157 1080 265 1139 poterutl

128 1143 230 1197 17-20.
248 1141 395 1204 [Palatinus]
412 1143 441 1189 In
453 1145 539 1204 templo
551 1144 665 1204 Apollinis
677 1143 776 1190 Palatini
788 1143 930 1190 Octavianus
942 1157 965 1190 n.
976 1157 1000 1191 u.
1010 1156 1032 1193 c.

93 1207 150 1264 726.
163 1209 297 1255 condiderat
310 1209 471 1255 bibliothecam
484 1209 611 1255 Palatinam
623 1209 748 1270 publicam,
765 1211 832 1268 cujus
842 1209 931 1268 primus
942 1218 1034 1257 curator

92 1273 139 1320 suit
150 1275 176 1321 c.
189 1273 203 1320 J
207 1274 266 1320 ullus
284 1274 400 1333 Hyginus.
409 1270 587 1334 -[corm'cala]
606 1275 668 1320 Nota
683 1274 768 1320 fabella
782 1274 878 1334 AEsupia
895 1272 998 1334 (Piraedr.
1012 1273 1034 1330 1,

93 1339 116 1394 3,
129 1339 170 1385 ubi
182 1353 223 1398 pru
235 1339 324 1385 cornice
336 1347 371 1384 eat
381 1341 488 1397 graculus
497 1336 516 1398 r)
534 1339 593 1385 hunc
607 1339 748 1386 sententiam
760 1339 888 1398 expressit:
904 1337 950 1384 ‘ne
967 1337 1034 1385 iacile

93 1403 171 1450 urania
182 1404 254 1449 lector
265 1403 387 1463 perspiciat
399 1404 492 1450 Celsum
507 1403 533 1448 in
548 1404 677 1459 sententiis,
693 1402 842 1461 imaginibus,
862 1403 962 1462 totisque
973 1403 1033 1449 adeo

94 1469 152 1518 loeis
169 1468 285 1514 imitatum
302 1482 360 1524 esse,
379 1467 497 1513 interdum
518 1475 607 1513 tantum
627 1467 652 1513 iu
670 1468 780 1514 Latinum
797 1467 938 1514 convertisse
954 1476 1034 1528 poetas

95 1533 208 1579 Grecos)
217 1557 250 1566 -
258 1530 392 1595 [coloribus]
410 1535 417 1559 ‘
443 1531 511 1578 lumis
521 1532 637 1578 variorum
647 1532 768 1579 colorum.'
785 1533 856 1579 Sobel.

128 1597 233 1644 21-25.
250 1548 441 1659 [circumuolitarl
456 1598 488 1643 Ut
505 1612 566 1657 sepe
581 1607 657 1657 poete
671 1597 754 1658 apibus
768 1604 930 1656 comparantur
942 1594 997 1657 (Od.
1009 1596 1033 1653 4,

94 1663 119 1719 2,
131 1661 184 1723 27),
196 1663 228 1708 sic
240 1663 282 1709 bac
292 1662 396 1722 imagine
408 1664 601 1709 circumvolitando*
616 1669 685 1721 alque
703 1663 816 1723 agilitatis
833 1661 947 1720 significat
964 1663 1034 1708 modu

95 1727 155 1782 brec,
172 1728 241 1774 modo
260 1728 300 1774 ilia
317 1727 445 1774 carminum
461 1741 548 1786 genera
564 1727 659 1773 aFloru
677 1734 765 1773 tentala
784 1740 841 1782 esse,
859 1741 914 1772 sane
932 1735 958 1772 ut
976 1741 1034 1787 opus

94 1792 270 1848 secundarium,
279 1791 317 1838 cul
329 1807 370 1853 per
381 1793 449 1838 horas
460 1791 590 1838 subsericas
600 1800 708 1838 vaceretr
726 1806 780 1837 nam
790 1791 905 1837 severiora
916 1791 994 1837 studia
1004 1792 1035 1838 ad

94 1857 255 1916 eloquentiam
276 1857 391 1904 forensem
412 1865 436 1903 et
452 1858 491 1917 jus
514 1856 581 1902 civile
602 1853 912 1917 converterat.·-·[lllrlum]
931 1856 964 1901 Ut
980 1871 1036 1914 ager

95 1921 199 1968 incultus
220 1924 294 1968 birlus
315 1922 348 1977 fit,
367 1922 426 1968 filice
444 1921 599 1983 vepribusque
621 1920 751 1976 obducitur,
773 1920 805 1967 uic
826 1920 947 1979 ingenium
968 1921 1035 1967 bunia

94 1988 186 2033 artibus
198 2001 244 2032 non
255 1987 381 2044 excultum,
399 1987 426 2032 lit
439 1987 498 2032 rude
512 1994 536 2032 et
552 1986 670 2033 hebca—
679 1981 768 2048 [acub]
785 1986 953 2046 significantius
964 1998 1036 2044 quam

95 2052 245 2112 ‘properae’
267 2051 315 2098 cte.
329 2052 392 2098 Brut.
403 2051 443 2107 97,
457 2052 492 2098 Ta
503 2053 527 2097 in
534 2047 614 2111 soram
629 2067 722 2099 veneras
739 2066 804 2106 unus,
819 2054 859 2112 qui
874 2066 918 2097 nan
933 2052 951 2097 li
998 2063 1037 2096 aaa

95 2117 160 2163 modo
175 2117 274 2163 aeuum
287 2118 446 2163 aemulatione
460 2117 557 2171 dicendi,
568 2116 606 2178 dc.
615 2141 648 2150 -
657 2114 741 2177 [civim
753 2113 812 2175 jura
828 2115 962 2174 respondere
993 2127 1036 2173 pro

96 2181 203 2240 vulgari:
215 2179 258 2241 jur
273 2183 339 2228 ciuile
352 2181 492 2241 respondere,
505 2179 576 2240 (Plin.
588 2181 650 2241 Epp.
662 2181 686 2236 6,
700 2178 750 2240 lta)
762 2189 785 2226 et
795 2177 884 2240 dejure
894 2179 1036 2238 respondere.

95 2243 359 2307 ὖ--[αηιιιὸὶὶιοανηιονι]
376 2243 479 2307 lpurrrd
496 2255 552 2306 puto
569 2254 592 2292 et
609 2239 922 2309 sunewerda-[ledere]
941 2241 1036 2300 Proprie

95 2310 199 2357 refertur
208 2311 238 2356 ad
253 2311 366 2371 poeticam
381 2310 515 2356 facultatem
531 2317 625 2371 propter
638 2310 762 2362 Bacchum,
778 2309 818 2368 qui
831 2306 931 2353 Pindaro
942 2306 1036 2365 Dithyr.

97 2377 136 2422 ar.
148 2376 172 2431 3,
184 2374 208 2430 7,
219 2385 253 2422 est
270 2369 413 2430 nrauodlrac
429 2372 494 2429 θεός.
518 2373 576 2436 (Od.
588 2373 609 2430 l,
624 2374 645 2428 1,
657 2371 707 2433 29.)
734 2372 795 2419 Tum
812 2386 854 2432 per
868 2385 966 2428 zeugma
982 2385 1036 2431 pcr-

96 2440 158 2486 tinet
168 2439 240 2486 etiam
251 2441 280 2486 ad
292 2448 368 2486 cetera
379 2439 442 2486 Flori
453 2438 537 2496 studia,
548 2439 573 2485 in
584 2439 668 2498 quibus
678 2436 786 2483 omnibus
796 2451 851 2482 eum
862 2435 948 2496 primas
959 2448 1037 2495 partes

95 2505 200 2552 laturum
212 2505 340 2563 pollicetur.

130 2569 234 2616 att-28.
252 2566 365 2631 [Frigida
382 2584 489 2614 curarum
501 2565 616 2629 fhmenla]
636 2568 716 2613 Unum
726 2565 809 2611 vitium
827 2564 852 2611 in
871 2564 946 2611 amico
964 2564 1037 2611 libere

95 2634 257 2695 reprehendit,
268 2634 361 2693 quadis
372 2647 473 2693 quoque,
484 2642 510 2678 ut
521 2633 646 2692 aequalium
658 2631 771 2692 plerique,
782 2629 855 2675 nimiu
862 2630 923 2676 lucri
939 2638 962 2676 et
974 2645 1037 2689 quse-

96 2702 147 2746 atrls
158 2699 237 2746 studio
247 2699 389 2759 indulgebat.
408 2699 519 2746 Curarem
523 2694 627 2757 sementa
638 2698 685 2743 h.l.
697 2695 818 2742 manifesto
826 2703 881 2741 sunt
889 2709 917 2740 ea
928 2694 1038 2751 fomenta,

96 2779 151 2823 quae
169 2778 231 2809 curae
242 2764 311 2810 Floro
329 2763 459 2823 imponunt,
478 2763 502 2808 id
519 2770 561 2818 est,
581 2761 686 2822 pecuniae
706 2759 820 2820 cupiditas
838 2769 909 2818 atque
928 2759 1038 2815 ambitio,

96 2829 135 2874 hae
146 2837 226 2874 autem
236 2828 357 2888 paullatim
367 2824 505 2888 refrigerant
517 2842 543 2873 ac
554 2827 672 2872 retardant
683 2825 778 2886 spiritus
788 2825 953 2883 generosiores,
966 2824 1039 2871 hebe-

96 2902 149 2940 tent
161 2893 290 2952 ingenium,
307 2893 449 2938 imminuunt
460 2891 574 2952 poeticam
585 2890 726 2937 facultatem.
736 2914 768 2922 -
777 2885 928 2950 [relinquere]
947 2890 1008 2935 ‘His
1024 2903 1040 2935 a

96 2959 176 3013 curis,’
189 2957 272 3016 inquit,
284 2957 318 3002 ‘si
329 2958 427 3004 liberare
439 2965 461 3002 ts
472 2970 558 3016 posses,
577 2955 638 3001 nibil
650 2957 700 3015 jam
714 2962 737 3000 te
749 2954 880 3014 impediret,
898 2968 944 3013 quo
961 2956 1039 2999 rninua

96 3024 196 3070 coelerlr'a
213 3021 326 3082 (maxime
342 3021 450 3068 sublimia
466 3035 565 3081 queque
582 3018 712 3080 appetentis
730 3027 862 3078 terramque
879 3015 1039 3078 despicientis)

96 3087 252 3148 philosophiae
271 3087 392 3146 praeceptis
410 3082 681 3146 satisfaceres.’-[Hoc
699 3081 767 3146 opus]
783 3083 918 3144 sapientie,
940 3098 994 3142 opor
1009 3081 1041 3127 ad

98 3153 223 3208 actionem,
234 3153 333 3198 stadium
345 3153 374 3198 ad
386 3147 491 3212 θεωρίαν
502 3149 607 3197 refertur.

130 3216 236 3264 30-32.
254 3213 287 3277 [ri
297 3217 340 3262 tili
349 3211 421 3276 cura]
440 3216 500 3275 Epp.
515 3214 535 3270 l,
546 3214 569 3269 6,
581 3213 621 3271 41,
633 3215 659 3260 Si
665 3219 884 3274 posset-rugatus.
909 3213 969 3271 Epp.
982 3210 1004 3268 1,
1014 3209 1039 3263 7,

98 3282 139 3338 39,
151 3281 249 3341 Inspice,
260 3283 281 3328 ai
288 3296 385 3342 possum.
394 3305 426 3314 —
434 3277 558 3342 [Quanta]
577 3281 669 3334 ‘tautae,
686 3285 779 3337 quantas
794 3291 848 3322 eum
865 3275 907 3323 tibi
919 3290 980 3321 curre
990 3287 1040 3319 esse

97 3345 238 3392 conveniat!
247 3370 280 3379 -
289 3341 434 3406 [Munatius]
453 3345 514 3390 lilius
530 3344 627 3391 fortasse
640 3344 668 3390 t..
680 3343 781 3390 Munatii
798 3341 876 3388 Planci
889 3354 934 3385 cos.
947 3350 971 3383 Δ.
983 3350 1007 3383 tt.
1018 3349 1040 3384 c.

99 3411 155 3467 712.
174 3407 231 3470 (Od.
250 3411 271 3466 l,
289 3406 442 3471 7.)-[male
460 3405 536 3470 sarta]
555 3410 636 3468 lmago
653 3409 775 3468 desumpta
792 3422 806 3452 a
822 3407 918 3452 vulnere
934 3403 987 3448 ideo
1003 3417 1041 3448 re·

97 3477 178 3526 anno.
188 3475 242 3534 quia
254 3477 303 3535 ejus
315 3474 432 3533 margines
443 3489 489 3520 non
502 3482 562 3520 recte
571 3481 674 3520 consutae
684 3481 739 3519 sunt
750 3486 764 3517 a
774 3471 889 3527 chirurgo.
896 3493 929 3503 —
937 3464 1043 3528 [nequid-

98 3537 180 3602 quam]
199 3539 249 3584 ‘ita
266 3548 292 3585 ut
311 3539 408 3593 curatio,
428 3553 498 3598 quarn
515 3540 713 3599 exspectabamus,
731 3537 814 3582 effectu
831 3530 1029 3593 careae-[son

99 3605 162 3651 Cels.
174 3604 197 3660 8,
212 3603 250 3662 10,
259 3610 333 3664 pateat
343 3606 371 3652 erl
381 3605 468 3650 ratione
483 3610 505 3649 et
522 3619 546 3649 or
560 3605 620 3649 coire
635 3608 658 3649 el
670 3602 751 3648 uulnus
765 3613 888 3645 sanescere.
896 3621 928 3630 -
936 3594 981 3657 [At
991 3613 1028 3643 our

100 3670 183 3722 Quum
195 3669 270 3729 magia
282 3667 371 3726 timeat,
386 3683 416 3716 ne
427 3667 498 3716 etiam
510 3682 573 3778 unqe
581 3667 685 3777 1{uterne
695 3665 812 3711 discordes
822 3661 877 3718 sint,
893 3662 994 3721 graviter
1005 3675 1044 3708 eos
