2442 4059
130 259 228 296 sian.
242 245 277 310 n]
459 249 740 298 runanrnummo.
883 238 893 257 ‘
1019 249 1076 314 151

130 399 212 446 statim
223 414 296 460 quum
311 396 442 458 capiuntur,
455 399 547 447 hiant.”
561 402 634 448 Scluat.
657 401 744 456 Etiam,
759 409 826 460 puto,
835 399 861 446 in
872 400 959 446 mensis
969 401 1077 461 appositi.

130 461 297 526 -Unctutud
316 464 446 511 Columella
458 466 494 521 12,
508 466 546 521 16,
557 467 633 514 Docta
644 472 667 513 et
681 467 774 512 eruditu
782 467 864 526 palata
872 462 985 525 fastidire
1001 467 1078 513 docuit

131 527 290 591 (Philippus),
303 531 419 588 fiuvialem
435 532 519 591 lupum,
535 533 580 577 nisi
595 547 660 592 quens
673 531 763 578 Tiberis
773 533 867 579 aduerso
882 538 981 578 torrente
991 528 1078 592 desati·

128 602 258 657 garet—
267 591 362 655 [Tusci]
380 595 420 655 qui
433 595 457 640 iu
469 595 566 643 Etrurii
577 597 659 642 oritur.

165 659 268 706 34-36.
288 655 411 720 [Multum]
428 661 514 707 mullet.
543 660 601 706 Pllu.
615 661 646 706 Η.
659 660 689 706 Ν.
700 661 724 714 9,
740 659 779 714 ³0,
799 661 837 706 Ea
854 661 944 722 reliquit
958 661 1077 708 nobilitate

132 720 198 785 (post
208 723 311 784 scarum)
320 727 400 785 gratia
410 728 509 772 murima
518 732 552 772 est
562 732 585 772 st
596 728 661 785 capia
676 725 759 780 mullis,
769 726 830 770 sicut
839 727 972 784 magnitudo
982 728 1077 783 modica,

131 791 241 850 binasque
258 790 330 834 libras
346 790 453 850 ponderis
471 805 524 836 rara
545 791 664 837 admodum
684 796 867 849 exsuperantu-
877 785 1018 852 [pulmenta]
1036 791 1077 836 ‘in

129 854 212 914 plures
229 853 347 913 portiones
364 854 473 914 disseces,
489 869 547 913 quas
567 854 666 914 singulis
682 854 706 899 ln
724 854 830 900 lancibus
846 856 930 900 eidem
945 857 1013 901 coeni
1031 855 1077 901 tuis

130 915 236 965 convivis
247 918 405 978 appensa'-
413 915 508 980 [Ducit]
528 920 620 966 ‘movet
630 927 701 979 atque
711 918 791 973 allicit,
802 927 829 964 ut
839 919 890 964 lieri
899 920 972 965 solet!
981 945 1013 954 -
1020 916 1077 981 [quo

126 980 243 1044 pertinet]
265 984 327 1029 ‘Cur
342 997 398 1042 ergo
413 983 600 1044 magnitudinem
616 985 698 1030 laudm
712 983 738 1028 in
752 984 826 1030 mullo
842 991 866 1029 et
881 984 1034 1044 reprehendis
1049 985 1076 1032 in

130 1047 205 1109 lupot
239 1047 302 1098 Quia
318 1048 406 1094 scilicet
421 1049 446 1094 in
461 1058 560 1108 utroque
574 1057 598 1096 te
617 1050 724 1106 delectat,
742 1049 805 1107 quod
822 1056 859 1094 est
875 1048 965 1095 rariua'
993 1049 1075 1096 Coram.
1135 1081 1138 1085 -

132 1113 202 1173 Cruq.
214 1135 247 1148 ·-
259 1109 331 1174 [iliis]
359 1113 390 1159 ad
415 1113 509 1174 propius
532 1115 610 1160 vocab.
632 1115 697 1175 lupos
720 1113 828 1169 refertur,
852 1115 888 1159 isis
912 1113 944 1159 ad
963 1113 1077 1160 remotius

129 1178 247 1224 muttum*

163 1240 269 1289 stt—to.
287 1239 407 1304 [Jejunus]
426 1243 557 1298 Construe;
574 1244 706 1290 Stomachus
715 1257 770 1288 raro
774 1239 872 1303 jejunus
883 1238 987 1302 (semper
998 1238 1074 1303 satur)

129 1308 253 1354 communit
262 1310 322 1354 citos
330 1309 441 1368 vulgares.
447 1331 481 1342 ·-·
487 1304 645 1368 [Porrectum]
664 1306 747 1358 Quivis
756 1307 880 1367 supplebat
889 1308 988 1352 mrsllum.
1006 1307 1075 1353 Cete-

130 1385 185 1418 rum
199 1373 305 1418 consulto
315 1381 416 1432 quatuor
432 1373 541 1432 spondeis
556 1387 611 1418 usus
623 1381 665 1427 est,
682 1380 709 1418 ut
720 1371 790 1432 piscis
799 1380 936 1431 exoptatum
948 1372 1040 1431 pondus
1051 1379 1075 1418 et

129 1436 318 1496 magnitudinem
333 1437 481 1498 exprimeret.
489 1461 522 1470 —
531 1434 643 1498 [Vellem]
660 1433 805 1498 ἐβουλόμην
820 1434 862 1491 ἂν,
873 1451 921 1482 nou
931 1432 1075 1500 βουλοίμην

129 1499 173 1548 ἂν.
208 1501 321 1557 ‘Vellem
337 1502 419 1548 sitieri
429 1509 514 1563 posset,
527 1501 687 1548 sedvixfiet’
722 1501 930 1548 Heindorlliueiim
946 1509 1007 1548 esset
1021 1515 1074 1562 spe·

129 1566 213 1612 rantis.

164 1630 268 1677 tr-tt.
287 1626 428 1690 [Prasseatss
438 1627 524 1691 austri]
543 1630 606 1677 ‘Sed
623 1629 704 1690 utique
721 1629 835 1676 helnones
851 1628 889 1675 isti
904 1629 965 1676 lianc
979 1645 1074 1690 poenam

129 1705 259 1750 merentur,
277 1705 303 1740 ut
314 1695 394 1741 Austri
409 1696 471 1742 calor
490 1694 629 1755 putrefaciat
645 1695 758 1755 pretiosos
773 1709 854 1741 eorum
865 1694 985 1741 ciboa'—
994 1691 1074 1755 [Pra-

128 1757 216 1822 sentes]
235 1760 315 1820 'quasi
328 1761 425 1807 numina
440 1775 534 1806 omnem
551 1775 617 1806 suam
629 1760 677 1806 rim
689 1761 837 1806 exserentes!
846 1783 878 1792 -
888 1756 983 1821 [Putet]
1001 1762 1073 1806 ‘con-

128 1825 245 1871 temnitur
256 1832 280 1871 et
291 1825 318 1871 st
327 1824 393 1871 silia’
410 1826 483 1873 uetat
490 1849 523 1858 —
530 1821 659 1886 [rhombus]
671 1820 767 1887 ψῆττα,
780 1826 863 1872 turbat.
870 1848 903 1858 -
913 1821 986 1885 [mdo
996 1822 1073 1886 copia]

128 1891 225 1949 ‘praru
236 1904 289 1949 qua
300 1889 361 1944 iacit
372 1897 398 1936 ut
407 1890 527 1936 stomacho
538 1890 721 1936 laboremua’-
728 1886 842 1951 [qrrarsdo]
860 1889 1073 1949 ‘quandoquidem

127 1954 262 2014 quoniam?
275 1969 329 2001 nam
337 1963 428 2015 tempus
437 1953 582 2015 significatur
587 1955 667 2001 statim
674 1963 733 2016 part.
739 1971 851 2016 quum-
859 1951 958 2015 [indas]
969 1949 1073 2009 ἑλένιον,

127 2021 279 2080 circumpone.
313 2020 327 2044 “
338 2019 391 2065 Νοιι
403 2021 466 2080 quod
476 2021 557 2067 acida
567 2027 603 2066 est
614 2019 664 2066 hmc
673 2020 753 2074 herba,
769 2021 808 2065 sed
820 2020 891 2078 quod,
906 2034 979 2080 quum
990 2018 1071 2078 coqui-

127 2091 176 2138 tur,
188 2095 254 2130 sceto
264 2083 396 2130 conditur.”
413 2088 468 2131 Aer.
492 2086 592 2131 Amaras
603 2093 669 2131 vocat
679 2086 727 2131 Sat.
738 2085 761 2141 2,
773 2085 797 2143 8,
806 2083 846 2130 sl.

163 2148 267 2197 45-49.
287 2145 436 2212 [Pauperies]
459 2151 623 2209 ‘Quamquam
640 2149 686 2195 cibi
704 2150 822 2195 naturales
843 2155 868 2193 et
888 2146 1005 2206 simplices
1023 2160 1071 2192 non

127 2227 225 2274 prorsus
242 2213 356 2260 removeri
376 2223 533 2274 potuerimus
552 2213 652 2261 divitum
671 2214 763 2272 epulis;
785 2226 840 2258 nam
856 2211 906 2256 ovis
925 2220 995 2269 atque
1014 2210 1072 2257 oleis

127 2277 202 2324 etiam
212 2293 276 2325 nunc
292 2287 390 2325 utuntur
405 2293 524 2326 coensrum
540 2275 759 2338 mitid—[Haud
774 2279 808 2323 ita
823 2272 924 2336 pridem]
942 2275 1073 2322 ‘Praeterea

127 2343 205 2389 varim
215 2357 308 2404 semper
318 2345 441 2390 lurconum
453 2345 481 2390 de
492 2344 549 2390 cibis
560 2343 667 2403 pretiosis
674 2341 804 2402 judicium
821 2341 855 2386 sic
869 2339 989 2398 acipenscr
1001 2337 1073 2400 (stur-

124 2405 197 2470 geos)
207 2410 272 2468 apud
281 2411 385 2470 antiquos
394 2410 490 2469 piscium
500 2409 651 2454 nobilissimus
662 2403 735 2468 (l’lln.
746 2407 770 2462 9,
782 2402 833 2464 26,)
841 2406 892 2464 iam
903 2405 1071 2460 contemnimus

127 2483 211 2518 contra
221 2475 325 2520 rhombus
333 2474 394 2532 (Sat.
405 2473 426 2530 l,
435 2474 457 2528 2,
468 2471 534 2532 ltu)
547 2482 597 2518 tum
608 2469 727 2532 neglectus
738 2485 800 2516 nunc
811 2469 939 2529 quaeritur?
946 2493 978 2502 -
986 2465 1073 2530 [Haud

126 2539 165 2584 s'ta
172 2534 275 2599 pridem]
293 2540 300 2562 ‘
312 2537 395 2584 Lucilii
413 2546 525 2598 tempore,
539 2535 632 2584 circiter
647 2545 702 2582 ante
716 2537 759 2582 hos
771 2547 848 2581 ιω.
859 2534 990 2580 annos'-
1000 2532 1071 2596 [Gai-

128 2599 189 2663 loni]
202 2602 349 2648 “Gallonius
360 2617 436 2663 praeco
447 2602 535 2662 primus
546 2602 705 2663 acipenserem
715 2616 764 2646 sure
774 2615 861 2646 mensae
872 2599 987 2660 apposuit,
998 2614 1071 2660 quare

126 2668 181 2726 ejus
197 2668 267 2714 luxus
278 2667 348 2713 etiarn
362 2682 378 2713 a
391 2667 480 2713 Lucilio
497 2666 614 2712 taxatur.”
632 2667 714 2713 Comm.
731 2667 801 2726 Cruq.
835 2664 919 2710 Lucilii
931 2679 1011 2710 versus
1021 2679 1070 2711 ser·

126 2731 194 2778 ussit
203 2732 250 2779 Cic.
260 2732 290 2778 de
303 2725 372 2778 Finn.
385 2733 408 2788 2,
419 2731 481 2778 8.-
488 2729 611 2793 [praemis
621 2729 684 2792 mat]
702 2738 753 2778 erat
763 2731 784 2776 si
796 2744 891 2776 caesurse
901 2729 1007 2775 ultimam
1019 2729 1073 2791 syll.

146 2797 246 2843 reducit.
1034 2796 1039 2820 ¹

126 2809 145 2857 p
161 2861 266 2908 stt-52.
285 2857 551 2922 [auem-pretorius]
564 2859 698 2906 Scholiasta
707 2867 810 2914 narrant,
816 2858 945 2904 “Asinium
953 2859 1072 2918 quendam

127 2925 166 2970 vel
177 2926 342 2986 Sempronium
353 2926 441 2980 Rufum
453 2925 586 2984 praetorium
598 2924 735 2980 instituisse,
744 2933 771 2970 ut
781 2924 923 2970 ciconiarum
934 2924 993 2983 pulli
1003 2938 1071 2970 mau-

126 2990 284 3044 ducarenturr
297 3005 377 3050 quare,
386 2989 504 3050 inquiunt,
512 3004 585 3049 quum
593 2989 617 3034 in
628 2990 730 3048 pratum
738 2989 841 3048 petendi
849 2989 965 3049 repulsam
974 2988 1072 3043 tulisset,

128 3052 177 3100 tale
188 3056 334 3115 epigramma
345 3055 444 3109 meruit;
461 3057 603 3102 Ciconiarum
615 3051 691 3114 Itssfm
706 3057 751 3101 iste
761 3054 863 3100 eonditor
874 3055 922 3100 Hic
935 3060 971 3100 est
984 3053 1072 3099 dusius

126 3120 256 3180 elegantior
265 3121 375 3172 Plancisr
392 3121 558 3181 Suffragiorum
568 3126 657 3179 puncta
673 3134 717 3165 uon
732 3119 786 3165 tulit
803 3125 894 3179 septem.
928 3119 1071 3164 Ciconiarum

124 3185 225 3244 populus
240 3185 302 3230 ultus
319 3191 353 3231 est
369 3186 484 3232 mortem.”
518 3185 588 3235 Quod
605 3184 626 3230 si
642 3198 667 3231 re
678 3185 735 3230 serit
751 3192 859 3244 praeturae
875 3183 992 3243 repulsam
1009 3180 1071 3236 tulit,

126 3243 183 3295 κατ’
194 3244 323 3312 εἰρωνείαν
329 3253 452 3310 proterius
462 3249 547 3296 dicitur
557 3249 581 3294 h.
590 3250 605 3294 l.
614 3248 697 3295 infelix
707 3260 815 3308 praeturae
827 3243 1070 3309 petitos-[mergos]

125 3316 239 3374 sea-gau,
259 3316 332 3373 ‘quos
350 3327 443 3374 propser
461 3313 608 3362 durissimam
627 3329 721 3361 carnem
738 3322 762 3360 et
778 3313 900 3359 rancidum
915 3325 944 3356 ex
961 3309 1070 3369 piscibus,

126 3378 215 3436 quibus
232 3386 367 3433 vescuntur,
382 3393 497 3439 saporem,
517 3394 580 3424 nunc
602 3393 671 3425 nemo
691 3373 926 3438 edic¹—[ediserit]
951 3383 1071 3433 tamquam

144 3450 222 3489 rator.

125 3456 143 3504 p
159 3506 266 3554 tls-su
285 3503 419 3569 [Sordidus]
438 3508 554 3555 “Eidem
570 3509 618 3568 qui
630 3508 706 3555 Graeci
722 3507 829 3553 libertate
839 3510 914 3564 poetae
927 3501 1006 3566 Latini
1022 3503 1071 3564 pri·

127 3572 203 3618 mario
220 3571 311 3618 nomini
327 3572 425 3619 formam
442 3573 572 3619 secundarii
592 3574 695 3618 reddunt
714 3571 800 3631 partim
818 3568 886 3613 metri
906 3582 969 3626 ergo,
986 3568 1072 3628 partim

127 3635 249 3684 variandus
264 3637 456 3684 constructionis:
476 3637 542 3684 Lucr.
562 3637 584 3692 l,
603 3637 658 3693 805,
673 3639 708 3683 sic
724 3636 778 3682 aliis
794 3634 848 3680 αὶὶα
864 3633 931 3679 rebus
944 3640 1072 3681 uertuntur.
