<?xml version="1.0" encoding="UTF-8"?>
<!DOCTYPE html PUBLIC "-//W3C//DTD XHTML 1.0 Transitional//EN"
    "http://www.w3.org/TR/xhtml1/DTD/xhtml1-transitional.dtd">
<html xmlns="http://www.w3.org/1999/xhtml" xml:lang="en" lang="en">
 <head>
  <title>
</title>
<meta http-equiv="Content-Type" content="text/html;charset=utf-8" />
  <meta name='ocr-system' content='tesseract 3.04.00' />
  <meta name='ocr-capabilities' content='ocr_page ocr_carea ocr_par ocr_line ocrx_word'/>
</head>
<body>
  <div class='ocr_page' id='page_1' title='image "./ecloghoratianad00flacgoog_0030.png"; bbox 0 0 2442 4059; ppageno 0'>
   <div class='ocr_carea' id='block_1_1' title="bbox 139 212 808 287">
    <p class='ocr_par' dir='ltr' id='par_1_1' title="bbox 139 212 808 287">
     <span class='ocr_line' id='line_1_1' title="bbox 139 212 808 287; baseline -0.006 -12"><span class='ocrx_word' id='word_1_1' title='bbox 139 214 182 275; x_wconf 71' lang='lat' dir='ltr'><strong>u2</strong></span> <span class='ocrx_word' id='word_1_2' title='bbox 230 274 236 287; x_wconf 74' lang='grc'><strong>,</strong></span> <span class='ocrx_word' id='word_1_3' title='bbox 412 226 611 271; x_wconf 72' lang='lat' dir='ltr'><strong>suerranum</strong></span> <span class='ocrx_word' id='word_1_4' title='bbox 633 226 740 271; x_wconf 72' lang='lat' dir='ltr'><strong>urar.</strong></span> <span class='ocrx_word' id='word_1_5' title='bbox 759 212 808 271; x_wconf 89' lang='grc'><strong>10.</strong></span> 
     </span>
    </p>
   </div>
   <div class='ocr_carea' id='block_1_2' title="bbox 142 378 1090 2529">
    <p class='ocr_par' dir='ltr' id='par_1_2' title="bbox 142 378 1079 897">
     <span class='ocr_line' id='line_1_2' title="bbox 143 378 1056 465; baseline 0 -19"><span class='ocrx_word' id='word_1_6' title='bbox 143 380 308 446; x_wconf 83' lang='lat' dir='ltr'>Proximus</span> <span class='ocrx_word' id='word_1_7' title='bbox 323 401 400 444; x_wconf 91' lang='lat' dir='ltr'><strong>esse.</strong></span> <span class='ocrx_word' id='word_1_8' title='bbox 443 378 532 443; x_wconf 90' lang='lat' dir='ltr'><strong>Velis</strong></span> <span class='ocrx_word' id='word_1_9' title='bbox 545 378 775 454; x_wconf 89' lang='lat' dir='ltr'><strong>tantummodo;</strong></span> <span class='ocrx_word' id='word_1_10' title='bbox 797 402 868 465; x_wconf 87' lang='lat' dir='ltr'><strong>quae</strong></span> <span class='ocrx_word' id='word_1_11' title='bbox 881 390 935 445; x_wconf 90' lang='lat' dir='ltr'><strong>tua</strong></span> <span class='ocrx_word' id='word_1_12' title='bbox 949 378 1056 457; x_wconf 86' lang='lat' dir='ltr'><strong>virtus,</strong></span> 
     </span>
     <span class='ocr_line' id='line_1_3' title="bbox 143 464 1079 553; baseline -0.003 -22"><span class='ocrx_word' id='word_1_13' title='bbox 143 466 367 553; x_wconf 82' lang='lat' dir='ltr'><strong>Expuguabis3</strong></span> <span class='ocrx_word' id='word_1_14' title='bbox 390 474 423 528; x_wconf 89' lang='lat' dir='ltr'><strong>et</strong></span> <span class='ocrx_word' id='word_1_15' title='bbox 437 479 484 529; x_wconf 93' lang='lat' dir='ltr'><strong>est</strong></span> <span class='ocrx_word' id='word_1_16' title='bbox 498 464 553 550; x_wconf 93' lang='lat' dir='ltr'><strong>qui</strong></span> <span class='ocrx_word' id='word_1_17' title='bbox 567 464 649 528; x_wconf 89' lang='lat' dir='ltr'><strong>vinci</strong></span> <span class='ocrx_word' id='word_1_18' title='bbox 664 465 778 550; x_wconf 88' lang='lat' dir='ltr'><strong>possit;</strong></span> <span class='ocrx_word' id='word_1_19' title='bbox 801 488 902 551; x_wconf 92' lang='lat' dir='ltr'><strong>eoque</strong></span> <span class='ocrx_word' id='word_1_20' title='bbox 1037 470 1079 529; x_wconf 82' lang='lat'><strong>55</strong></span> 
     </span>
     <span class='ocr_line' id='line_1_4' title="bbox 142 550 1013 635; baseline -0.003 -17"><span class='ocrx_word' id='word_1_21' title='bbox 142 554 295 618; x_wconf 88' lang='lat' dir='ltr'><strong>Difficiles</strong></span> <span class='ocrx_word' id='word_1_22' title='bbox 309 552 410 617; x_wconf 85' lang='lat' dir='ltr'><strong>aditus</strong></span> <span class='ocrx_word' id='word_1_23' title='bbox 426 551 539 635; x_wconf 91' lang='lat' dir='ltr'><strong>primos</strong></span> <span class='ocrx_word' id='word_1_24' title='bbox 554 550 655 615; x_wconf 90' lang='lat' dir='ltr'><strong>babet.</strong></span> <span class='ocrx_word' id='word_1_25' title='bbox 702 550 796 615; x_wconf 84' lang='lat' dir='ltr'>Haud</span> <span class='ocrx_word' id='word_1_26' title='bbox 812 552 887 615; x_wconf 91' lang='lat' dir='ltr'><strong>mibi</strong></span> <span class='ocrx_word' id='word_1_27' title='bbox 902 552 1013 616; x_wconf 88' lang='lat' dir='ltr'><strong>deero:</strong></span> 
     </span>
     <span class='ocr_line' id='line_1_5' title="bbox 145 637 917 722; baseline -0.004 -19"><span class='ocrx_word' id='word_1_28' title='bbox 145 640 331 703; x_wconf 86' lang='lat' dir='ltr'>Muneribus</span> <span class='ocrx_word' id='word_1_29' title='bbox 345 659 449 701; x_wconf 88' lang='lat' dir='ltr'><strong>servos</strong></span> <span class='ocrx_word' id='word_1_30' title='bbox 464 658 672 722; x_wconf 85' lang='lat' dir='ltr'><strong>corrumpam3</strong></span> <span class='ocrx_word' id='word_1_31' title='bbox 695 659 768 713; x_wconf 90' lang='lat' dir='ltr'><strong>non,</strong></span> <span class='ocrx_word' id='word_1_32' title='bbox 785 637 876 700; x_wconf 94' lang='lat' dir='ltr'><strong>hodie</strong></span> <span class='ocrx_word' id='word_1_33' title='bbox 891 637 917 702; x_wconf 93' lang='lat' dir='ltr'><strong>si</strong></span> 
     </span>
     <span class='ocr_line' id='line_1_6' title="bbox 144 723 923 808; baseline -0.003 -19"><span class='ocrx_word' id='word_1_34' title='bbox 144 726 299 789; x_wconf 86' lang='lat' dir='ltr'><strong>Exclusus</strong></span> <span class='ocrx_word' id='word_1_35' title='bbox 315 725 411 800; x_wconf 84' lang='lat' dir='ltr'><strong>fuero,</strong></span> <span class='ocrx_word' id='word_1_36' title='bbox 427 723 590 787; x_wconf 80' lang='lat' dir='ltr'><strong>desistam:</strong></span> <span class='ocrx_word' id='word_1_37' title='bbox 615 735 754 807; x_wconf 91' lang='lat' dir='ltr'><strong>tempora</strong></span> <span class='ocrx_word' id='word_1_38' title='bbox 768 746 923 808; x_wconf 82' lang='lat' dir='ltr'><strong>quaeram3</strong></span> 
     </span>
     <span class='ocr_line' id='line_1_7' title="bbox 145 808 971 897; baseline -0.002 -22"><span class='ocrx_word' id='word_1_39' title='bbox 145 812 315 875; x_wconf 91' lang='lat' dir='ltr'><strong>Occurram</strong></span> <span class='ocrx_word' id='word_1_40' title='bbox 329 810 362 872; x_wconf 91' lang='lat' dir='ltr'><strong>in</strong></span> <span class='ocrx_word' id='word_1_41' title='bbox 377 809 484 884; x_wconf 85' lang='lat' dir='ltr'>triviis,</span> <span class='ocrx_word' id='word_1_42' title='bbox 501 809 660 871; x_wconf 87' lang='lat' dir='ltr'><strong>deducam.</strong></span> <span class='ocrx_word' id='word_1_43' title='bbox 706 808 762 871; x_wconf 85' lang='lat' dir='ltr'><strong>Nil</strong></span> <span class='ocrx_word' id='word_1_44' title='bbox 775 809 843 873; x_wconf 91' lang='lat' dir='ltr'><strong>sine</strong></span> <span class='ocrx_word' id='word_1_45' title='bbox 858 832 971 897; x_wconf 85' lang='lat' dir='ltr'><strong>magno</strong></span> 
     </span>
    </p>

    <p class='ocr_par' dir='ltr' id='par_1_3' title="bbox 145 893 1081 1056">
     <span class='ocr_line' id='line_1_8' title="bbox 145 893 1081 981; baseline -0.003 -22"><span class='ocrx_word' id='word_1_46' title='bbox 145 897 220 961; x_wconf 87' lang='lat' dir='ltr'><strong>Vita</strong></span> <span class='ocrx_word' id='word_1_47' title='bbox 234 897 337 961; x_wconf 88' lang='lat' dir='ltr'><strong>labore</strong></span> <span class='ocrx_word' id='word_1_48' title='bbox 351 895 438 959; x_wconf 85' lang='lat' dir='ltr'><strong>dedit</strong></span> <span class='ocrx_word' id='word_1_49' title='bbox 452 894 640 959; x_wconf 81' lang='lat' dir='ltr'><strong>mortalibus.</strong></span> <span class='ocrx_word' id='word_1_50' title='bbox 664 893 744 959; x_wconf 84' lang='lat' dir='ltr'><strong>Haec</strong></span> <span class='ocrx_word' id='word_1_51' title='bbox 758 894 832 958; x_wconf 92' lang='lat' dir='ltr'><strong>dum</strong></span> <span class='ocrx_word' id='word_1_52' title='bbox 846 896 921 981; x_wconf 86' lang='lat' dir='ltr'><strong>agit,</strong></span> <span class='ocrx_word' id='word_1_53' title='bbox 938 918 1021 972; x_wconf 91' lang='lat' dir='ltr'><strong>ecce,</strong></span> <span class='ocrx_word' id='word_1_54' title='bbox 1040 899 1081 957; x_wconf 90' lang='grc'><strong>60</strong></span> 
     </span>
     <span class='ocr_line' id='line_1_9' title="bbox 148 980 926 1056; baseline -0.004 -10"><span class='ocrx_word' id='word_1_55' title='bbox 148 984 265 1047; x_wconf 85' lang='lat' dir='ltr'>Fuscus</span> <span class='ocrx_word' id='word_1_56' title='bbox 280 982 416 1047; x_wconf 85' lang='lat' dir='ltr'><strong>Aristius</strong></span> <span class='ocrx_word' id='word_1_57' title='bbox 430 980 572 1055; x_wconf 88' lang='lat' dir='ltr'><strong>occurrit,</strong></span> <span class='ocrx_word' id='word_1_58' title='bbox 589 980 664 1043; x_wconf 92' lang='lat' dir='ltr'><strong>mibi</strong></span> <span class='ocrx_word' id='word_1_59' title='bbox 679 1002 776 1056; x_wconf 90' lang='lat' dir='ltr'><strong>carus,</strong></span> <span class='ocrx_word' id='word_1_60' title='bbox 793 993 826 1045; x_wconf 89' lang='lat' dir='ltr'><strong>et</strong></span> <span class='ocrx_word' id='word_1_61' title='bbox 839 981 926 1044; x_wconf 90' lang='lat' dir='ltr'><strong>illum</strong></span> 
     </span>
    </p>

    <p class='ocr_par' dir='ltr' id='par_1_4' title="bbox 146 1065 1027 1239">
     <span class='ocr_line' id='line_1_10' title="bbox 146 1065 1027 1154; baseline -0.002 -22"><span class='ocrx_word' id='word_1_62' title='bbox 146 1069 213 1144; x_wconf 85' lang='lat' dir='ltr'><strong>Qui</strong></span> <span class='ocrx_word' id='word_1_63' title='bbox 228 1068 354 1154; x_wconf 83' lang='lat' dir='ltr'>pulchre</span> <span class='ocrx_word' id='word_1_64' title='bbox 369 1080 481 1131; x_wconf 74' lang='lat' dir='ltr'><strong>nosset.</strong></span> <span class='ocrx_word' id='word_1_65' title='bbox 507 1065 731 1130; x_wconf 84' lang='lat' dir='ltr'><strong>Consistimus:</strong></span> <span class='ocrx_word' id='word_1_66' title='bbox 755 1066 851 1131; x_wconf 86' lang='lat' dir='ltr'><strong>Unde</strong></span> <span class='ocrx_word' id='word_1_67' title='bbox 866 1065 979 1131; x_wconf 84' lang='lat' dir='ltr'><strong>venis?</strong></span> <span class='ocrx_word' id='word_1_68' title='bbox 994 1076 1027 1130; x_wconf 89' lang='lat' dir='ltr'><strong>et</strong></span> 
     </span>
     <span class='ocr_line' id='line_1_11' title="bbox 147 1151 990 1239; baseline -0.002 -21"><span class='ocrx_word' id='word_1_69' title='bbox 147 1154 221 1230; x_wconf 86' lang='lat' dir='ltr'><strong>Quo</strong></span> <span class='ocrx_word' id='word_1_70' title='bbox 237 1152 360 1218; x_wconf 79' lang='lat' dir='ltr'><strong>tendis?</strong></span> <span class='ocrx_word' id='word_1_71' title='bbox 386 1164 484 1237; x_wconf 87' lang='lat' dir='ltr'><strong>rogat,</strong></span> <span class='ocrx_word' id='word_1_72' title='bbox 501 1164 533 1216; x_wconf 89' lang='lat' dir='ltr'><strong>et</strong></span> <span class='ocrx_word' id='word_1_73' title='bbox 547 1151 722 1236; x_wconf 76' lang='lat' dir='ltr'><strong>respondet</strong></span> <span class='ocrx_word' id='word_1_74' title='bbox 768 1151 893 1216; x_wconf 86' lang='lat' dir='ltr'><strong>Vellere</strong></span> <span class='ocrx_word' id='word_1_75' title='bbox 909 1153 990 1239; x_wconf 89' lang='lat' dir='ltr'><strong>coepi</strong></span> 
     </span>
    </p>

    <p class='ocr_par' dir='ltr' id='par_1_5' title="bbox 146 1237 1084 1495">
     <span class='ocr_line' id='line_1_12' title="bbox 147 1237 942 1327; baseline -0.004 -22"><span class='ocrx_word' id='word_1_76' title='bbox 147 1240 191 1305; x_wconf 87' lang='lat' dir='ltr'><strong>Et</strong></span> <span class='ocrx_word' id='word_1_77' title='bbox 205 1262 349 1327; x_wconf 83' lang='lat' dir='ltr'><strong>prensare</strong></span> <span class='ocrx_word' id='word_1_78' title='bbox 364 1261 457 1302; x_wconf 89' lang='lat' dir='ltr'><strong>manu</strong></span> <span class='ocrx_word' id='word_1_79' title='bbox 471 1237 642 1301; x_wconf 87' lang='lat' dir='ltr'><strong>lentissima</strong></span> <span class='ocrx_word' id='word_1_80' title='bbox 656 1237 797 1315; x_wconf 84' lang='lat' dir='ltr'><strong>brachia3</strong></span> <span class='ocrx_word' id='word_1_81' title='bbox 820 1250 942 1316; x_wconf 87' lang='lat' dir='ltr'><strong>nutans,</strong></span> 
     </span>
     <span class='ocr_line' id='line_1_13' title="bbox 146 1323 1084 1412; baseline -0.005 -21"><span class='ocrx_word' id='word_1_82' title='bbox 146 1326 357 1412; x_wconf 89' lang='lat' dir='ltr'><strong>Distorquens</strong></span> <span class='ocrx_word' id='word_1_83' title='bbox 372 1325 486 1401; x_wconf 90' lang='lat' dir='ltr'><strong>oculos,</strong></span> <span class='ocrx_word' id='word_1_84' title='bbox 502 1336 537 1386; x_wconf 91' lang='lat' dir='ltr'><strong>ut</strong></span> <span class='ocrx_word' id='word_1_85' title='bbox 550 1346 601 1386; x_wconf 94' lang='lat' dir='ltr'><strong>me</strong></span> <span class='ocrx_word' id='word_1_86' title='bbox 617 1323 758 1408; x_wconf 78' lang='lat' dir='ltr'><strong>eriperet.</strong></span> <span class='ocrx_word' id='word_1_87' title='bbox 804 1324 892 1388; x_wconf 91' lang='lat' dir='ltr'><strong>Male</strong></span> <span class='ocrx_word' id='word_1_88' title='bbox 907 1324 1004 1388; x_wconf 91' lang='lat' dir='ltr'><strong>salsus</strong></span> <span class='ocrx_word' id='word_1_89' title='bbox 1043 1328 1084 1386; x_wconf 88' lang='grc'><strong>65</strong></span> 
     </span>
     <span class='ocr_line' id='line_1_14' title="bbox 148 1410 914 1495; baseline -0.001 -19"><span class='ocrx_word' id='word_1_90' title='bbox 148 1412 268 1477; x_wconf 90' lang='lat' dir='ltr'><strong>Ridens</strong></span> <span class='ocrx_word' id='word_1_91' title='bbox 283 1410 490 1485; x_wconf 87' lang='lat' dir='ltr'><strong>dissimulare3</strong></span> <span class='ocrx_word' id='word_1_92' title='bbox 509 1431 611 1471; x_wconf 91' lang='lat' dir='ltr'><strong>meum</strong></span> <span class='ocrx_word' id='word_1_93' title='bbox 624 1410 715 1495; x_wconf 92' lang='lat' dir='ltr'><strong>jecur</strong></span> <span class='ocrx_word' id='word_1_94' title='bbox 730 1432 818 1474; x_wconf 89' lang='lat' dir='ltr'><strong>urere</strong></span> <span class='ocrx_word' id='word_1_95' title='bbox 833 1410 914 1476; x_wconf 88' lang='lat' dir='ltr'><strong>bilis.</strong></span> 
     </span>
    </p>

    <p class='ocr_par' dir='ltr' id='par_1_6' title="bbox 150 1494 838 1582">
     <span class='ocr_line' id='line_1_15' title="bbox 150 1494 838 1582; baseline -0.006 -19"><span class='ocrx_word' id='word_1_96' title='bbox 150 1499 255 1575; x_wconf 88' lang='lat' dir='ltr'><strong>Certe,</strong></span> <span class='ocrx_word' id='word_1_97' title='bbox 271 1496 374 1561; x_wconf 90' lang='lat' dir='ltr'><strong>nescio</strong></span> <span class='ocrx_word' id='word_1_98' title='bbox 388 1495 464 1582; x_wconf 94' lang='lat' dir='ltr'><strong>quid</strong></span> <span class='ocrx_word' id='word_1_99' title='bbox 478 1506 597 1559; x_wconf 89' lang='lat' dir='ltr'><strong>secreto</strong></span> <span class='ocrx_word' id='word_1_100' title='bbox 611 1494 691 1559; x_wconf 89' lang='lat' dir='ltr'><strong>velle</strong></span> <span class='ocrx_word' id='word_1_101' title='bbox 705 1495 791 1580; x_wconf 93' lang='lat' dir='ltr'><strong>loqui</strong></span> <span class='ocrx_word' id='word_1_102' title='bbox 807 1508 838 1559; x_wconf 91' lang='lat' dir='ltr'><strong>te</strong></span> 
     </span>
    </p>

    <p class='ocr_par' dir='ltr' id='par_1_7' title="bbox 148 1580 1090 2529">
     <span class='ocr_line' id='line_1_16' title="bbox 148 1580 925 1657; baseline -0.005 -8"><span class='ocrx_word' id='word_1_103' title='bbox 148 1584 265 1649; x_wconf 83' lang='lat' dir='ltr'><strong>Aiebas</strong></span> <span class='ocrx_word' id='word_1_104' title='bbox 280 1605 410 1647; x_wconf 88' lang='lat' dir='ltr'><strong>mecum.</strong></span> <span class='ocrx_word' id='word_1_105' title='bbox 456 1580 591 1645; x_wconf 91' lang='lat' dir='ltr'><strong>Memini</strong></span> <span class='ocrx_word' id='word_1_106' title='bbox 607 1580 707 1657; x_wconf 83' lang='lat' dir='ltr'><strong>beue3</strong></span> <span class='ocrx_word' id='word_1_107' title='bbox 729 1581 782 1645; x_wconf 89' lang='lat' dir='ltr'><strong>sed</strong></span> <span class='ocrx_word' id='word_1_108' title='bbox 798 1582 925 1645; x_wconf 90' lang='lat' dir='ltr'><strong>meliore</strong></span> 
     </span>
     <span class='ocr_line' id='line_1_17' title="bbox 150 1666 1015 1755; baseline -0.005 -21"><span class='ocrx_word' id='word_1_109' title='bbox 150 1671 307 1755; x_wconf 88' lang='lat' dir='ltr'><strong>Tempore</strong></span> <span class='ocrx_word' id='word_1_110' title='bbox 322 1669 444 1733; x_wconf 69' lang='lat' dir='ltr'><strong>dicam:</strong></span> <span class='ocrx_word' id='word_1_111' title='bbox 463 1666 722 1731; x_wconf 89' lang='lat' dir='ltr'><strong>bodie-tricesima</strong></span> <span class='ocrx_word' id='word_1_112' title='bbox 734 1667 879 1732; x_wconf 85' lang='lat' dir='ltr'><strong>sabbata:</strong></span> <span class='ocrx_word' id='word_1_113' title='bbox 904 1668 1015 1731; x_wconf 86' lang='lat' dir='ltr'><strong>vin&#39;tu</strong></span> 
     </span>
     <span class='ocr_line' id='line_1_18' title="bbox 151 1751 1087 1839; baseline -0.004 -19"><span class='ocrx_word' id='word_1_114' title='bbox 151 1756 256 1821; x_wconf 90' lang='lat' dir='ltr'><strong>Curtis</strong></span> <span class='ocrx_word' id='word_1_115' title='bbox 270 1756 291 1819; x_wconf 91' lang='lat' dir='ltr'>J</span> <span class='ocrx_word' id='word_1_116' title='bbox 294 1754 387 1821; x_wconf 85' lang='lat' dir='ltr'><strong>udaeis</strong></span> <span class='ocrx_word' id='word_1_117' title='bbox 402 1751 581 1839; x_wconf 83' lang='lat' dir='ltr'><strong>oppedere?</strong></span> <span class='ocrx_word' id='word_1_118' title='bbox 627 1752 722 1817; x_wconf 87' lang='lat' dir='ltr'><strong>Nulla</strong></span> <span class='ocrx_word' id='word_1_119' title='bbox 736 1753 822 1829; x_wconf 92' lang='lat' dir='ltr'><strong>mihi,</strong></span> <span class='ocrx_word' id='word_1_120' title='bbox 838 1754 975 1839; x_wconf 92' lang='lat' dir='ltr'><strong>inquam,</strong></span> <span class='ocrx_word' id='word_1_121' title='bbox 1046 1757 1087 1817; x_wconf 82' lang='lat'><strong>70</strong></span> 
     </span>
     <span class='ocr_line' id='line_1_19' title="bbox 151 1839 983 1927; baseline -0.005 -21"><span class='ocrx_word' id='word_1_122' title='bbox 151 1842 279 1927; x_wconf 87' lang='lat' dir='ltr'><strong>Religio</strong></span> <span class='ocrx_word' id='word_1_123' title='bbox 294 1854 350 1905; x_wconf 91' lang='lat' dir='ltr'><strong>est.</strong></span> <span class='ocrx_word' id='word_1_124' title='bbox 396 1841 441 1904; x_wconf 89' lang='lat' dir='ltr'><strong>At</strong></span> <span class='ocrx_word' id='word_1_125' title='bbox 455 1839 514 1901; x_wconf 89' lang='lat' dir='ltr'><strong>mi:</strong></span> <span class='ocrx_word' id='word_1_126' title='bbox 538 1861 606 1903; x_wconf 91' lang='lat' dir='ltr'><strong>sum</strong></span> <span class='ocrx_word' id='word_1_127' title='bbox 622 1839 714 1924; x_wconf 92' lang='lat' dir='ltr'><strong>paulo</strong></span> <span class='ocrx_word' id='word_1_128' title='bbox 728 1839 887 1917; x_wconf 89' lang='lat' dir='ltr'><strong>infirmior,</strong></span> <span class='ocrx_word' id='word_1_129' title='bbox 904 1860 983 1903; x_wconf 88' lang='lat' dir='ltr'><strong>unus</strong></span> 
     </span>
     <span class='ocr_line' id='line_1_20' title="bbox 152 1923 1068 2013; baseline -0.005 -21"><span class='ocrx_word' id='word_1_130' title='bbox 152 1928 346 1992; x_wconf 86' lang='lat' dir='ltr'><strong>Multorum:</strong></span> <span class='ocrx_word' id='word_1_131' title='bbox 363 1926 521 2013; x_wconf 83' lang='lat' dir='ltr'><strong>ignosces;</strong></span> <span class='ocrx_word' id='word_1_132' title='bbox 536 1924 611 1989; x_wconf 87' lang='lat' dir='ltr'><strong>alias</strong></span> <span class='ocrx_word' id='word_1_133' title='bbox 626 1925 743 2010; x_wconf 91' lang='lat' dir='ltr'><strong>loquar.</strong></span> <span class='ocrx_word' id='word_1_134' title='bbox 790 1924 955 1990; x_wconf 84' lang='lat' dir='ltr'><strong>Hunccine</strong></span> <span class='ocrx_word' id='word_1_135' title='bbox 969 1923 1068 1988; x_wconf 89' lang='lat' dir='ltr'><strong>solem</strong></span> 
     </span>
     <span class='ocr_line' id='line_1_21' title="bbox 151 2008 1068 2099; baseline -0.007 -20"><span class='ocrx_word' id='word_1_136' title='bbox 151 2015 233 2079; x_wconf 86' lang='lat' dir='ltr'><strong>Tam</strong></span> <span class='ocrx_word' id='word_1_137' title='bbox 248 2013 372 2099; x_wconf 84' lang='lat' dir='ltr'><strong>nigrum</strong></span> <span class='ocrx_word' id='word_1_138' title='bbox 387 2033 514 2077; x_wconf 89' lang='lat' dir='ltr'><strong>surrexe</strong></span> <span class='ocrx_word' id='word_1_139' title='bbox 530 2008 625 2075; x_wconf 89' lang='lat' dir='ltr'><strong>mihi!</strong></span> <span class='ocrx_word' id='word_1_140' title='bbox 674 2010 770 2097; x_wconf 87' lang='lat' dir='ltr'><strong>Fugit</strong></span> <span class='ocrx_word' id='word_1_141' title='bbox 783 2011 951 2096; x_wconf 92' lang='lat' dir='ltr'><strong>improbus,</strong></span> <span class='ocrx_word' id='word_1_142' title='bbox 967 2033 1003 2074; x_wconf 86' lang='lat' dir='ltr'><strong>ac</strong></span> <span class='ocrx_word' id='word_1_143' title='bbox 1016 2033 1068 2074; x_wconf 91' lang='lat' dir='ltr'><strong>me</strong></span> 
     </span>
     <span class='ocr_line' id='line_1_22' title="bbox 154 2096 884 2183; baseline -0.007 -18"><span class='ocrx_word' id='word_1_144' title='bbox 154 2102 219 2165; x_wconf 88' lang='lat' dir='ltr'><strong>Sub</strong></span> <span class='ocrx_word' id='word_1_145' title='bbox 235 2099 333 2163; x_wconf 89' lang='lat' dir='ltr'><strong>cultro</strong></span> <span class='ocrx_word' id='word_1_146' title='bbox 348 2097 470 2183; x_wconf 89' lang='lat' dir='ltr'><strong>linquit.</strong></span> <span class='ocrx_word' id='word_1_147' title='bbox 516 2096 601 2161; x_wconf 87' lang='lat' dir='ltr'><strong>Casu</strong></span> <span class='ocrx_word' id='word_1_148' title='bbox 617 2097 702 2161; x_wconf 84' lang='lat' dir='ltr'><strong>veuit</strong></span> <span class='ocrx_word' id='word_1_149' title='bbox 716 2096 825 2161; x_wconf 83' lang='lat' dir='ltr'><strong>obvius</strong></span> <span class='ocrx_word' id='word_1_150' title='bbox 838 2097 884 2160; x_wconf 91' lang='lat' dir='ltr'><strong>illi</strong></span> 
     </span>
     <span class='ocr_line' id='line_1_23' title="bbox 152 2181 1090 2271; baseline -0.004 -21"><span class='ocrx_word' id='word_1_151' title='bbox 152 2184 366 2260; x_wconf 83' lang='lat' dir='ltr'><strong>Adversarius,</strong></span> <span class='ocrx_word' id='word_1_152' title='bbox 384 2199 426 2260; x_wconf 90' lang='lat' dir='ltr'><strong>et,</strong></span> <span class='ocrx_word' id='word_1_153' title='bbox 446 2184 513 2261; x_wconf 76' lang='lat' dir='ltr'><strong>Quo</strong></span> <span class='ocrx_word' id='word_1_154' title='bbox 528 2193 570 2259; x_wconf 83' lang='lat' dir='ltr'><strong>tu,</strong></span> <span class='ocrx_word' id='word_1_155' title='bbox 587 2181 785 2267; x_wconf 75' lang='lat' dir='ltr'><strong>turpissime?</strong></span> <span class='ocrx_word' id='word_1_156' title='bbox 805 2185 920 2271; x_wconf 70' lang='lat' dir='ltr'><strong>magni</strong></span> <span class='ocrx_word' id='word_1_157' title='bbox 1049 2188 1090 2247; x_wconf 88' lang='lat'><strong>75</strong></span> 
     </span>
     <span class='ocr_line' id='line_1_24' title="bbox 153 2266 964 2355; baseline -0.004 -20"><span class='ocrx_word' id='word_1_158' title='bbox 153 2272 304 2336; x_wconf 87' lang='lat' dir='ltr'><strong>Inclamat</strong></span> <span class='ocrx_word' id='word_1_159' title='bbox 317 2292 392 2335; x_wconf 87' lang='lat' dir='ltr'><strong>voce</strong></span> <span class='ocrx_word' id='word_1_160' title='bbox 401 2292 410 2344; x_wconf 90' lang='lat'>;</span> <span class='ocrx_word' id='word_1_161' title='bbox 433 2282 475 2346; x_wconf 90' lang='lat' dir='ltr'><strong>et,</strong></span> <span class='ocrx_word' id='word_1_162' title='bbox 491 2270 580 2331; x_wconf 83' lang='lat' dir='ltr'><strong>Licet</strong></span> <span class='ocrx_word' id='word_1_163' title='bbox 592 2266 763 2337; x_wconf 78' lang='lat' dir='ltr'><strong>antestari?</strong></span> <span class='ocrx_word' id='word_1_164' title='bbox 805 2268 876 2355; x_wconf 84' lang='lat' dir='ltr'><strong>Ego</strong></span> <span class='ocrx_word' id='word_1_165' title='bbox 891 2292 964 2334; x_wconf 83' lang='lat' dir='ltr'><strong>vero</strong></span> 
     </span>
     <span class='ocr_line' id='line_1_25' title="bbox 154 2353 1069 2443; baseline -0.005 -21"><span class='ocrx_word' id='word_1_166' title='bbox 154 2358 290 2443; x_wconf 89' lang='lat' dir='ltr'><strong>Oppono</strong></span> <span class='ocrx_word' id='word_1_167' title='bbox 303 2356 481 2421; x_wconf 86' lang='lat' dir='ltr'><strong>auriculam.</strong></span> <span class='ocrx_word' id='word_1_168' title='bbox 527 2354 624 2440; x_wconf 87' lang='lat' dir='ltr'><strong>Rapit</strong></span> <span class='ocrx_word' id='word_1_169' title='bbox 639 2353 671 2417; x_wconf 90' lang='lat' dir='ltr'><strong>in</strong></span> <span class='ocrx_word' id='word_1_170' title='bbox 683 2355 755 2440; x_wconf 84' lang='lat' dir='ltr'><strong>jus:</strong></span> <span class='ocrx_word' id='word_1_171' title='bbox 777 2354 891 2419; x_wconf 84' lang='lat' dir='ltr'><strong>clamor</strong></span> <span class='ocrx_word' id='word_1_172' title='bbox 906 2355 1050 2440; x_wconf 89' lang='lat' dir='ltr'><strong>utrinque</strong></span> <span class='ocrx_word' id='word_1_173' title='bbox 1059 2379 1069 2430; x_wconf 92' lang='lat'>;</span> 
     </span>
     <span class='ocr_line' id='line_1_26' title="bbox 155 2440 949 2529; baseline -0.004 -21"><span class='ocrx_word' id='word_1_174' title='bbox 155 2442 305 2529; x_wconf 89' lang='lat' dir='ltr'><strong>Undique</strong></span> <span class='ocrx_word' id='word_1_175' title='bbox 321 2463 495 2507; x_wconf 84' lang='lat' dir='ltr'><strong>concursus.</strong></span> <span class='ocrx_word' id='word_1_176' title='bbox 542 2441 595 2505; x_wconf 89' lang='lat' dir='ltr'><strong>Sic</strong></span> <span class='ocrx_word' id='word_1_177' title='bbox 609 2462 659 2503; x_wconf 91' lang='lat' dir='ltr'><strong>me</strong></span> <span class='ocrx_word' id='word_1_178' title='bbox 674 2440 807 2506; x_wconf 83' lang='lat' dir='ltr'><strong>servavit</strong></span> <span class='ocrx_word' id='word_1_179' title='bbox 823 2441 949 2527; x_wconf 90' lang='lat' dir='ltr'><strong>Apollo.</strong></span> 
     </span>
    </p>
   </div>
   <div class='ocr_carea' id='block_1_3' title="bbox 470 2739 716 2798">
    <p class='ocr_par' dir='ltr' id='par_1_8' title="bbox 470 2739 716 2798">
     <span class='ocr_line' id='line_1_27' title="bbox 470 2739 716 2798; baseline 0.004 -15"><span class='ocrx_word' id='word_1_180' title='bbox 470 2796 472 2798; x_wconf 17' lang='lat'>¹</span> <span class='ocrx_word' id='word_1_181' title='bbox 539 2739 660 2783; x_wconf 72' lang='lat' dir='ltr'><strong>serron</strong></span> <span class='ocrx_word' id='word_1_182' title='bbox 683 2740 716 2784; x_wconf 89' lang='lat' dir='ltr'><strong>x.</strong></span> 
     </span>
    </p>
   </div>
   <div class='ocr_carea' id='block_1_4' title="bbox 156 2854 1098 3633">
    <p class='ocr_par' dir='ltr' id='par_1_9' title="bbox 156 2854 935 2943">
     <span class='ocr_line' id='line_1_28' title="bbox 156 2854 935 2943; baseline -0.001 -20"><span class='ocrx_word' id='word_1_183' title='bbox 156 2858 280 2943; x_wconf 91' lang='lat' dir='ltr'><strong>Nempe</strong></span> <span class='ocrx_word' id='word_1_184' title='bbox 294 2854 496 2943; x_wconf 89' lang='lat' dir='ltr'><strong>incomposito</strong></span> <span class='ocrx_word' id='word_1_185' title='bbox 511 2855 579 2919; x_wconf 89' lang='lat' dir='ltr'><strong>dixi</strong></span> <span class='ocrx_word' id='word_1_186' title='bbox 594 2856 674 2935; x_wconf 89' lang='lat' dir='ltr'><strong>pede</strong></span> <span class='ocrx_word' id='word_1_187' title='bbox 690 2879 814 2921; x_wconf 91' lang='lat' dir='ltr'><strong>currere</strong></span> <span class='ocrx_word' id='word_1_188' title='bbox 829 2879 935 2923; x_wconf 91' lang='lat' dir='ltr'><strong>versus</strong></span> 
     </span>
    </p>

    <p class='ocr_par' dir='ltr' id='par_1_10' title="bbox 156 2942 880 3029">
     <span class='ocr_line' id='line_1_29' title="bbox 156 2942 880 3029; baseline -0.001 -20"><span class='ocrx_word' id='word_1_189' title='bbox 156 2944 279 3009; x_wconf 90' lang='lat' dir='ltr'><strong>Lucili:</strong></span> <span class='ocrx_word' id='word_1_190' title='bbox 302 2945 371 3029; x_wconf 91' lang='lat' dir='ltr'><strong>quis</strong></span> <span class='ocrx_word' id='word_1_191' title='bbox 386 2955 448 3008; x_wconf 83' lang='lat' dir='ltr'><strong>tam</strong></span> <span class='ocrx_word' id='word_1_192' title='bbox 465 2942 570 3007; x_wconf 89' lang='lat' dir='ltr'><strong>Lucili</strong></span> <span class='ocrx_word' id='word_1_193' title='bbox 583 2942 685 3006; x_wconf 85' lang='lat' dir='ltr'><strong>fautor</strong></span> <span class='ocrx_word' id='word_1_194' title='bbox 699 2943 808 3029; x_wconf 89' lang='lat' dir='ltr'><strong>inepte</strong></span> <span class='ocrx_word' id='word_1_195' title='bbox 823 2954 880 3021; x_wconf 90' lang='lat' dir='ltr'><strong>est,</strong></span> 
     </span>
    </p>

    <p class='ocr_par' dir='ltr' id='par_1_11' title="bbox 158 3027 1010 3114">
     <span class='ocr_line' id='line_1_30' title="bbox 158 3027 1010 3114; baseline -0.001 -18"><span class='ocrx_word' id='word_1_196' title='bbox 158 3032 206 3096; x_wconf 92' lang='lat' dir='ltr'><strong>Ut</strong></span> <span class='ocrx_word' id='word_1_197' title='bbox 221 3052 282 3093; x_wconf 92' lang='lat' dir='ltr'><strong>uon</strong></span> <span class='ocrx_word' id='word_1_198' title='bbox 297 3028 355 3093; x_wconf 89' lang='lat' dir='ltr'><strong>hoc</strong></span> <span class='ocrx_word' id='word_1_199' title='bbox 369 3027 529 3093; x_wconf 88' lang='lat' dir='ltr'><strong>fateatur?</strong></span> <span class='ocrx_word' id='word_1_200' title='bbox 573 3031 621 3093; x_wconf 93' lang='lat' dir='ltr'><strong>At</strong></span> <span class='ocrx_word' id='word_1_201' title='bbox 634 3028 727 3106; x_wconf 93' lang='lat' dir='ltr'><strong>idem,</strong></span> <span class='ocrx_word' id='word_1_202' title='bbox 740 3029 824 3114; x_wconf 92' lang='lat' dir='ltr'><strong>quod</strong></span> <span class='ocrx_word' id='word_1_203' title='bbox 834 3031 897 3095; x_wconf 85' lang='lat' dir='ltr'><strong>sale</strong></span> <span class='ocrx_word' id='word_1_204' title='bbox 912 3028 1010 3095; x_wconf 84' lang='lat' dir='ltr'><strong>multo</strong></span> 
     </span>
    </p>

    <p class='ocr_par' dir='ltr' id='par_1_12' title="bbox 157 3114 857 3192">
     <span class='ocr_line' id='line_1_31' title="bbox 157 3114 857 3192; baseline -0.003 -10"><span class='ocrx_word' id='word_1_205' title='bbox 157 3117 278 3182; x_wconf 91' lang='lat' dir='ltr'><strong>Urbem</strong></span> <span class='ocrx_word' id='word_1_206' title='bbox 294 3114 447 3192; x_wconf 87' lang='lat' dir='ltr'><strong>defricuit,</strong></span> <span class='ocrx_word' id='word_1_207' title='bbox 464 3114 568 3179; x_wconf 75' lang='lat' dir='ltr'><strong>chartis</strong></span> <span class='ocrx_word' id='word_1_208' title='bbox 582 3115 723 3179; x_wconf 86' lang='lat' dir='ltr'><strong>laudatur</strong></span> <span class='ocrx_word' id='word_1_209' title='bbox 739 3115 857 3180; x_wconf 74' lang='lat' dir='ltr'><strong>eidem.</strong></span> 
     </span>
    </p>

    <p class='ocr_par' dir='ltr' id='par_1_13' title="bbox 158 3200 1098 3353">
     <span class='ocr_line' id='line_1_32' title="bbox 158 3200 1098 3288; baseline -0.001 -21"><span class='ocrx_word' id='word_1_210' title='bbox 158 3204 227 3267; x_wconf 92' lang='lat' dir='ltr'><strong>Nec</strong></span> <span class='ocrx_word' id='word_1_211' title='bbox 242 3213 345 3266; x_wconf 91' lang='lat' dir='ltr'><strong>tamen</strong></span> <span class='ocrx_word' id='word_1_212' title='bbox 359 3202 418 3265; x_wconf 92' lang='lat' dir='ltr'><strong>boc</strong></span> <span class='ocrx_word' id='word_1_213' title='bbox 434 3200 582 3278; x_wconf 90' lang='lat' dir='ltr'><strong>tribuens,</strong></span> <span class='ocrx_word' id='word_1_214' title='bbox 595 3200 732 3266; x_wconf 88' lang='lat' dir='ltr'><strong>dederim</strong></span> <span class='ocrx_word' id='word_1_215' title='bbox 748 3224 873 3288; x_wconf 91' lang='lat' dir='ltr'><strong>quoque</strong></span> <span class='ocrx_word' id='word_1_216' title='bbox 889 3212 1010 3278; x_wconf 82' lang='lat' dir='ltr'><strong>cetera3</strong></span> <span class='ocrx_word' id='word_1_217' title='bbox 1025 3224 1098 3266; x_wconf 87' lang='lat' dir='ltr'><strong>uam</strong></span> 
     </span>
     <span class='ocr_line' id='line_1_33' title="bbox 245 3288 1098 3353; baseline -0.002 0"><span class='ocrx_word' id='word_1_218' title='bbox 245 3288 290 3353; x_wconf 92' lang='lat' dir='ltr'><strong>sic</strong></span> <span class='ocrx_word' id='word_1_219' title='bbox 1078 3292 1098 3351; x_wconf 86' lang='lat'>5</span> 
     </span>
    </p>

    <p class='ocr_par' dir='ltr' id='par_1_14' title="bbox 159 3372 945 3458">
     <span class='ocr_line' id='line_1_34' title="bbox 159 3372 945 3458; baseline -0.003 -19"><span class='ocrx_word' id='word_1_220' title='bbox 159 3375 202 3440; x_wconf 89' lang='lat' dir='ltr'><strong>Et</strong></span> <span class='ocrx_word' id='word_1_221' title='bbox 217 3372 332 3440; x_wconf 89' lang='lat' dir='ltr'><strong>Laberi</strong></span> <span class='ocrx_word' id='word_1_222' title='bbox 347 3372 465 3449; x_wconf 90' lang='lat' dir='ltr'><strong>mimos,</strong></span> <span class='ocrx_word' id='word_1_223' title='bbox 482 3382 517 3436; x_wconf 91' lang='lat' dir='ltr'><strong>ut</strong></span> <span class='ocrx_word' id='word_1_224' title='bbox 530 3372 660 3458; x_wconf 89' lang='lat' dir='ltr'><strong>pulchra</strong></span> <span class='ocrx_word' id='word_1_225' title='bbox 673 3384 825 3458; x_wconf 83' lang='lat' dir='ltr'><strong>poemata,</strong></span> <span class='ocrx_word' id='word_1_226' title='bbox 842 3372 945 3437; x_wconf 89' lang='lat' dir='ltr'><strong>mirer.</strong></span> 
     </span>
    </p>

    <p class='ocr_par' dir='ltr' id='par_1_15' title="bbox 159 3458 850 3547">
     <span class='ocr_line' id='line_1_35' title="bbox 159 3458 850 3547; baseline -0.001 -23"><span class='ocrx_word' id='word_1_227' title='bbox 159 3460 245 3547; x_wconf 85' lang='lat' dir='ltr'><strong>Ergo</strong></span> <span class='ocrx_word' id='word_1_228' title='bbox 260 3483 323 3526; x_wconf 92' lang='lat' dir='ltr'><strong>nun</strong></span> <span class='ocrx_word' id='word_1_229' title='bbox 337 3458 411 3525; x_wconf 90' lang='lat' dir='ltr'><strong>satis</strong></span> <span class='ocrx_word' id='word_1_230' title='bbox 427 3469 483 3535; x_wconf 86' lang='lat' dir='ltr'><strong>est,</strong></span> <span class='ocrx_word' id='word_1_231' title='bbox 500 3458 563 3522; x_wconf 90' lang='lat' dir='ltr'><strong>risu</strong></span> <span class='ocrx_word' id='word_1_232' title='bbox 579 3458 724 3523; x_wconf 90' lang='lat' dir='ltr'><strong>diducere</strong></span> <span class='ocrx_word' id='word_1_233' title='bbox 739 3459 850 3524; x_wconf 89' lang='lat' dir='ltr'><strong>rictum</strong></span> 
     </span>
    </p>

    <p class='ocr_par' dir='ltr' id='par_1_16' title="bbox 159 3544 1078 3633">
     <span class='ocr_line' id='line_1_36' title="bbox 159 3544 1078 3633; baseline -0.001 -22"><span class='ocrx_word' id='word_1_234' title='bbox 159 3546 319 3613; x_wconf 92' lang='lat' dir='ltr'><strong>Auditoris</strong></span> <span class='ocrx_word' id='word_1_235' title='bbox 336 3548 383 3633; x_wconf 82' lang='lat' dir='ltr'><strong>(et</strong></span> <span class='ocrx_word' id='word_1_236' title='bbox 397 3555 445 3611; x_wconf 88' lang='lat' dir='ltr'><strong>est</strong></span> <span class='ocrx_word' id='word_1_237' title='bbox 458 3544 599 3630; x_wconf 84' lang='lat' dir='ltr'><strong>quaedam</strong></span> <span class='ocrx_word' id='word_1_238' title='bbox 615 3555 719 3610; x_wconf 87' lang='lat' dir='ltr'><strong>tamen</strong></span> <span class='ocrx_word' id='word_1_239' title='bbox 733 3544 785 3610; x_wconf 90' lang='lat' dir='ltr'><strong>hic</strong></span> <span class='ocrx_word' id='word_1_240' title='bbox 802 3567 927 3632; x_wconf 91' lang='lat' dir='ltr'><strong>quoque</strong></span> <span class='ocrx_word' id='word_1_241' title='bbox 942 3546 1053 3630; x_wconf 81' lang='lat' dir='ltr'><strong>virtus)</strong></span> <span class='ocrx_word' id='word_1_242' title='bbox 1068 3571 1078 3624; x_wconf 84' lang='lat'>3</span> 
     </span>
    </p>
   </div>
   <div class='ocr_carea' id='block_1_5' title="bbox 0 0 1248 4059">
    <p class='ocr_par' dir='ltr' id='par_1_17' title="bbox 0 0 1248 4059">
     <span class='ocr_line' id='line_1_37' title="bbox 0 0 1248 4059; baseline 0 0"><span class='ocrx_word' id='word_1_243' title='bbox 0 0 1248 4059; x_wconf 95' lang='lat' dir='ltr'><strong> </strong></span> 
     </span>
    </p>
   </div>
  </div>
 </body>
</html>
