2442 4059
182 316 224 376 62
446 330 690 380 nrrsrouururr
710 331 779 376 arn.
794 332 818 376 r.
833 316 864 376 6.

183 482 271 559 Quid
285 482 377 547 maris
392 493 546 550 extremos
562 482 682 549 Arabas
695 483 821 548 ditantis
835 494 868 547 et
882 483 988 562 Indos,

182 569 319 634 Ludicra
333 569 418 654 qnid,
433 569 568 654 plausus,
585 584 619 635 et
631 569 722 634 amici
736 570 818 634 dona
831 570 975 647 Quiritis,

183 655 258 732 Quo
272 656 439 741 spectanda
453 654 553 734 modo,
570 679 634 742 quo
647 678 740 721 seusu
755 655 854 720 credis
869 668 901 720 et
915 654 995 720 ore?

182 741 248 816 Qui
263 742 353 807 timet
366 741 415 806 his
428 743 566 819 adversa,
581 744 648 806 fere
663 742 790 807 miratur
805 741 925 818 eodem,

183 828 257 903 Quo
272 827 410 913 cupiens,
426 840 534 915 pacto;
549 850 646 930 pavor
659 840 707 893 est
721 827 885 913 utrobique
899 827 1057 906 molestus,
1084 830 1123 891 10
1208 845 1209 854 ¹

182 914 355 1000 Improvisa
368 914 459 979 simul
473 936 593 1001 spectes
608 926 747 979 exterret
761 926 938 998 utrumque.
1208 915 1209 920 ’

183 1000 328 1065 Gaudeat
342 1022 380 1064 an
397 1001 509 1076 doleat,
526 1001 631 1088 cupiat
643 1012 813 1075 metuatne‚
829 1000 905 1085 quid
918 998 958 1063 ad
972 1021 1049 1078 rem,

183 1086 228 1163 Si,
245 1085 393 1172 quicquid
407 1086 485 1152 vidit
499 1085 609 1151 melius
623 1088 753 1173 pejusre
767 1088 823 1150 sut
838 1108 903 1171 spe,

181 1170 306 1237 Defixis
320 1172 426 1249 oculis,
442 1172 608 1259 animoque
624 1185 658 1237 et
671 1194 798 1257 corpore
813 1170 941 1257 torpet?

181 1257 288 1323 Insani
302 1259 425 1344 sapiens
439 1281 551 1325 nomen
568 1259 656 1335 ferat,
672 1280 780 1343 aequus
794 1258 904 1343 iniqui,
1056 1336 1060 1341 .
1084 1260 1122 1321 15

182 1344 275 1409 Ultra
290 1368 383 1430 quam
397 1344 471 1409 satis
485 1356 533 1409 est
546 1344 692 1409 virtutem
707 1345 734 1409 si
747 1356 834 1429 petat
847 1347 956 1429 ipsam.

181 1429 198 1494 I
213 1424 306 1507 nunc,
321 1442 486 1518 argentum
502 1445 534 1496 et
549 1453 680 1495 marmor
696 1442 795 1507 vetus,
810 1452 933 1515 aeraque
948 1441 982 1495 et
994 1441 1077 1495 artes

182 1516 323 1604 Suspice,
338 1539 409 1581 cum
423 1516 556 1603 gemmis
571 1517 687 1603 Tyrios
701 1517 812 1581 mirare
827 1517 963 1580 colores:

182 1602 304 1681 Gaude,
321 1603 403 1688 quod
418 1615 559 1690 spectant
573 1604 655 1668 oculi
670 1615 702 1667 te
715 1601 800 1666 mille
815 1602 1014 1688 loquentem:

182 1688 289 1753 Navus
303 1712 394 1753 mane
409 1691 519 1766 forum,
537 1702 568 1755 et
582 1688 777 1775 vespertinus
791 1702 864 1774 pete
879 1699 1006 1765 tectum,
1080 1690 1122 1750 20

182 1774 233 1838 Ne
248 1774 319 1861 plus
333 1775 480 1840 frumenti
495 1775 648 1840 dotalibus
663 1787 778 1840 emetat
791 1774 874 1859 agris

181 1859 304 1937 Mutus,
321 1872 362 1937 et,
379 1861 542 1946 indignum
556 1860 564 1927 l
588 1860 672 1947 quod
685 1861 726 1925 sit
740 1860 897 1946 pejoribus
911 1871 1006 1936 ortus,

182 1946 247 2011 Hic
262 1946 319 2012 tibi
333 1946 374 2011 sit
388 1948 500 2032 potius,
517 1969 609 2032 quam
626 1959 660 2011 tu
675 1946 823 2011 mirabilis
836 1946 900 2023 illi;

182 2032 344 2118 Quidquid
360 2034 417 2097 sub
433 2034 514 2099 terra
529 2045 585 2111 est,
602 2033 634 2096 in
649 2032 787 2118 apricum
802 2032 939 2119 proferet
951 2043 1036 2109 aetaa

181 2117 332 2183 Defodiet
346 2118 521 2203 condetque
536 2118 677 2184 nitentia
719 2118 828 2195 Quum
844 2119 925 2183 bene
939 2129 1048 2182 notum
1079 2123 1123 2182 25

182 2204 325 2270 Porticus
341 2204 502 2292 Agrippae‚
519 2217 551 2269 et
565 2206 616 2269 ria
630 2216 662 2269 te
677 2204 874 2291 conspexerit
889 2204 986 2291 Appi,

181 2290 233 2355 Ire
249 2303 352 2375 tamen
368 2302 472 2368 restat,
490 2290 595 2355 Numa
610 2313 673 2376 quo
687 2289 815 2356 devenit
829 2303 861 2355 et
877 2293 993 2356 Ancus.

183 2377 218 2441 Si
233 2378 312 2442 latus
327 2389 381 2441 aut
395 2400 486 2441 renes
500 2376 608 2442 morbo
624 2388 782 2442 tentantur
796 2389 898 2455 acuto,

182 2462 298 2538 Quaere
314 2464 346 2526 fu
371 2485 420 2527 am
436 2464 544 2527 morbi.
591 2463 647 2527 Vis
663 2476 747 2528 recte
761 2462 886 2527 vivere:
910 2461 980 2549 quis
995 2460 1083 2527 non?

185 2547 219 2611 Si
235 2549 332 2613 virtus
346 2486 405 2613 icc
421 2570 482 2613 una
496 2560 598 2634 potest
612 2549 695 2626 dare,
711 2549 799 2613 fortis
814 2549 934 2614 omissis
1080 2552 1123 2613 30
1208 2609 1209 2630 q

183 2633 255 2698 Hoc
269 2657 328 2721 age
343 2633 471 2698 deliciis.
516 2634 674 2700 Virtutem
690 2634 784 2699 verba
797 2649 888 2719 putas
902 2646 936 2701 et

181 2718 304 2784 Lucum
320 2719 425 2806 ligna:
449 2742 523 2784 cave
538 2743 578 2784 ne
593 2734 700 2806 portus
715 2734 846 2806 occupet
859 2721 955 2797 altcr3

182 2804 234 2869 Ne
252 2804 440 2893 Cibyratica,
456 2828 496 2870 ue
514 2806 654 2893 Bithyna
667 2807 795 2893 negotia
809 2807 938 2892 perdas3

182 2890 277 2955 Mille
292 2893 409 2957 talenta
421 2892 636 2970 rotundentur,
653 2893 781 2957 totidem
796 2894 903 2969 altera,
919 2914 1010 2979 porro
1025 2904 1058 2958 et

182 2976 292 3041 Tertia
305 2978 480 3055 succedant,
498 2992 530 3043 et
544 3001 615 3064 quae
629 3001 699 3064 pars
713 2979 845 3064 quadret
858 3001 1012 3043 acervum.
1082 2983 1125 3044 35

184 3062 311 3128 Scilicet
325 3086 454 3128 uxorem
468 3086 538 3128 cum
553 3066 636 3141 dote,
653 3064 820 3149 iidemque,
837 3078 869 3129 ct
882 3065 1008 3142 amicos,

182 3148 227 3213 Et
264 3171 340 3213 enus
355 3164 387 3214 et
401 3150 530 3215 formam
544 3151 654 3237 regina
670 3150 809 3215 Pecunia
823 3150 934 3227 donat3

184 3236 233 3299 Ac
240 3172 328 3299 lene
343 3248 535 3300 nummatum
550 3236 675 3301 decorat
691 3236 834 3313 Suadela,
851 3237 1032 3323 Venusque.

183 3320 353 3408 Mancipiis
368 3319 505 3405 locuples
520 3334 594 3470 εἰει
607 3323 676 3387 aeris
693 3322 911 3408 Cappadocum
927 3344 1003 3386 rex:
1090 3334 1094 3342 '

185 3406 235 3471 Ne
250 3408 345 3473 fueris
362 3406 413 3470 hic
428 3420 472 3472 tu.
519 3406 708 3495 Clamydes
724 3408 885 3486 Lucullus,
902 3421 937 3473 ut
950 3408 1048 3486 aiunt,
1083 3413 1127 3472 40
1208 3423 1209 3430 ’

185 3492 220 3555 Si
235 3505 337 3579 posset
351 3504 591 3559 centumsccnae
605 3494 743 3580 praebere
757 3506 893 3581 rogatus,

185 3577 251 3653 Qui
269 3602 398 3731 popsqm
421 3576 491 3645 tot?
519 3579 580 3657 ait3
613 3592 717 3645 tamen
746 3591 778 3645 et
806 3603 953 3667 quaeram,
979 3593 1021 3658 et,
1049 3594 1130 3667 quot

290 3688 308 3729 u
330 3688 347 3730 e
370 3689 400 3749 o,
