2442 4059
121 277 177 317 arn.
191 263 273 330 nto]
453 269 736 321 INTERPREi'At'lo.

493 488 654 535 aristone
671 489 701 535 Χ.

158 618 266 665 Annuit.
284 618 343 664 Cum
360 616 440 676 tepido
457 612 568 681 εἰρωνείᾳ
579 618 667 664 Aristio
679 619 761 677 Fusco,
775 619 860 667 intimo
875 636 917 668 suo
932 622 1015 679 emico,
1027 620 1069 684 (de

122 697 174 744 quo
185 698 207 729 v.
219 684 264 730 Od.
283 682 305 738 1,
321 683 361 728 22.
378 683 425 727 Sat.
442 681 463 737 l,
480 683 503 737 9,
520 681 558 729 61.
579 684 616 739 10,
632 680 684 740 63.)
696 684 745 744 qui,
763 695 789 731 ut
807 686 947 746 philologus,
967 688 992 733 i'n
1010 689 1068 735 urba

120 762 222 796 manere
233 749 342 801 malebat,
354 747 510 793 rusticationis
521 750 643 794 commoda
654 757 678 795 et
686 750 882 809 gaudiaenarrat,
892 762 994 812 eumque
1006 753 1067 799 Stoi·

121 814 157 860 cia
175 814 298 860 sententiis
309 812 453 868 exhortatur,
470 822 497 858 nt
511 822 573 859 sorte
587 815 632 859 sui
647 823 770 860 contentus
781 815 851 871 vivat,
869 831 954 875 neque,
971 817 1068 864 forsitan

114 892 180 925 *cum
191 880 278 938 maJore
288 878 436 923 incommodo
447 891 517 936 quam
528 877 600 933 lucro,
611 879 754 938 potentiores
765 881 859 927 ambiat.
876 882 968 942 Scripta
975 883 1068 929 videtur

121 943 218 990 circiter
230 955 252 989 ι.
267 955 289 988 u.
300 954 320 987 c.
332 942 386 996 737.

160 1007 230 1054 1-3.
250 1005 349 1069 [solvere
360 1002 477 1068 jubemus]
498 1006 571 1053 Solita
581 1006 689 1054 formula.
707 1008 782 1055 Plaut
796 1009 1068 1068 insinuationum

122 1078 147 1120 te
165 1074 253 1120 soluere
269 1088 320 1119 uoce
334 1075 426 1123 caiuma.
442 1071 480 1133 qe.
489 1094 522 1105 -
531 1069 569 1132 [at
585 1071 674 1131 cetera]
691 1073 728 1118 Sic
739 1074 796 1120 Cod.
809 1074 892 1121 Bland.
907 1077 1030 1135 antiquiss.
1043 1085 1068 1124 et

124 1138 176 1192 alii,
188 1148 215 1183 ut
227 1137 291 1197 Virg.
304 1137 357 1183 AEn.
371 1136 393 1191 3,
405 1134 460 1189 594.
474 1136 588 1183 Contrariis
598 1143 701 1197 tegumen
711 1141 789 1198 minis,
799 1146 824 1185 οι
835 1150 910 1186 cetera
923 1141 1066 1197 Graius,‚ubi

122 1211 152 1248 ιιι
163 1202 188 1249 1ι.
199 1203 215 1248 l.
229 1212 282 1262 apte
294 1202 341 1247 duo
354 1203 459 1247 membra
469 1194 544 1259 magis
553 1201 597 1247 sibi
608 1213 759 1262 opponuntur
769 1218 838 1264 quam
851 1205 875 1249 in
888 1205 962 1250 alteri
972 1206 1024 1253 lect.
1036 1208 1068 1253 ad

122 1274 208 1323 cetera,
222 1267 285 1327 quod
302 1280 343 1327 per
356 1280 381 1311 se
396 1273 526 1325 spectatum
544 1280 610 1326 aque
629 1274 719 1312 rectum
736 1276 779 1313 est.
797 1268 847 1315 Liv.
858 1266 898 1326 37,
911 1269 934 1326 7,
947 1272 1019 1316 οἰνιοο
1036 1273 1068 1318 ad

121 1340 201 1379 cetero
211 1334 332 1394 egregium.
357 1332 391 1376 ld.
404 1331 427 1389 4,
437 1331 475 1388 26,
487 1332 519 1377 ad
528 1332 576 1377 alio
586 1332 708 1378 discordes·

157 1397 229 1445 4—9.
249 1394 283 1457 [et
294 1393 365 1456 alter]
383 1396 468 1441 ‘etiam
479 1396 538 1441 alter
549 1404 628 1454 negat,
643 1396 777 1456 pariterque
788 1398 870 1443 eedem
884 1398 1026 1458 probamus!
1033 1423 1067 1433 —

124 1456 281 1522 [Annuimur]
299 1464 374 1507 ‘nutu
385 1461 510 1521 probamus
519 1460 534 1505 :'
550 1462 590 1506 sed
606 1461 677 1506 simul
691 1461 763 1507 refert
779 1462 898 1508 columboe
912 1463 974 1522 ipsos
992 1470 1067 1510 rostra

119 1526 286 1573 amantissime
297 1535 452 1572 conserentes.
460 1548 492 1559 -
501 1522 596 1587 [netuli]
617 1525 703 1571 Matina
713 1527 776 1585 apud
788 1528 848 1572 Geli.
861 1527 900 1583 20,
912 1527 935 1582 3,
948 1528 1066 1575 Columba·

123 1594 210 1652 finique
223 1592 288 1637 labro
301 1605 417 1637 consuens
433 1587 713 1652 lebria-[circumlita]
731 1592 894 1647 ‘circumdata
911 1593 1068 1639 obducta)-

124 1652 205 1717 [Quid
225 1652 339 1717 quarief]
362 1654 461 1701 formula
479 1656 593 1701 sermonis
611 1655 741 1715 quotidiani
759 1656 824 1702 haud
841 1656 977 1717 infrequens
994 1659 1067 1705 etiam

125 1722 192 1780 apud
203 1721 339 1767 Ciceronem
355 1716 396 1780 (ad
410 1722 456 1766 titt.
468 1720 491 1775 2,
506 1719 527 1776 1,
539 1716 601 1779 ite),
614 1735 667 1780 quae
681 1720 775 1781 proprie
786 1721 910 1780 significat,
928 1726 990 1769 ‘non
1009 1738 1067 1783 opus

124 1794 170 1841 est,
189 1793 215 1831 ut
231 1800 262 1832 ex
280 1800 318 1831 me
339 1799 442 1844 quaeres:
461 1784 522 1831 ultro
538 1784 580 1831 tibi
600 1785 679 1831 omnia
697 1782 920 1849 dicam-[Vino]
938 1789 1067 1835 ‘vitavere

123 1850 191 1897 vitali
210 1850 274 1897 fruor
291 1858 316 1896 et
333 1864 374 1895 rex
392 1849 449 1895 mihi
468 1864 519 1896 esre
530 1850 627 1896 videor!
659 1846 1001 1914 &clitemnestra-[sertis]
1021 1854 1068 1901 Sal.

117 1916 179 1962 ΙΕιιι.
191 1915 231 1971 63,
246 1918 353 1962 virtatem
370 1917 441 1961 animi
457 1916 490 1961 ad
506 1915 584 1961 calum
595 1911 725 1974 serent-
734 1913 834 1976 [rumore
850 1913 958 1977 secunde]
977 1918 1068 1965 ‘Simul

124 1988 198 2040 atque
212 1996 272 2026 unus
283 1990 394 2036 vestrum,
408 1979 449 2039 qui
464 1978 534 2039 nujus
552 1979 675 2027 sententia
690 1988 714 2026 et
728 1981 845 2040 opinionis
863 1983 988 2043 participes
1005 1984 1069 2039 estis,

124 2046 191 2091 urbis
206 2045 277 2091 vitam
299 2045 386 2100 laudat,
406 2052 535 2090 ceterorum
556 2045 663 2091 omnium
684 2046 779 2105 plausus
801 2056 825 2093 et
845 2048 957 2093 clamores
975 2048 1068 2095 moret.¹

126 2112 181 2157 lloc
198 2110 261 2156 enim
280 2110 340 2155 ineat
359 2111 383 2155 in
401 2110 499 2168 antiqui
515 2109 624 2168 formata,
641 2112 721 2171 populi
742 2126 830 2158 rumore
845 2114 949 2165 secundo,
967 2114 1016 2170 qut
1033 2112 1069 2159 usi

122 2183 182 2223 sunt
201 2175 292 2221 Ennius
309 2186 333 2221 et
349 2175 481 2221 Fenestella
498 2175 561 2235 apud
573 2175 635 2221 Non.
647 2190 670 2236 p.
681 2174 737 2223 386.
756 2176 804 2222 Cic.
817 2176 885 2222 Tusc.
896 2177 919 2232 2,
937 2176 959 2230 l,
973 2178 1070 2225 secundo

119 2256 265 2352 11011111-13.
285 2300 420 2364 [sucerdotis
434 2300 563 2366 fragiliores]
586 2305 645 2351 Liba
665 2306 695 2350 ab
714 2304 751 2359 iia,
768 2304 809 2364 qui
831 2318 882 2349 rem
906 2303 1010 2349 divinam
1033 2304 1069 2353 fe·

123 2370 229 2429 ciebant,
243 2370 313 2415 allata
324 2378 348 2416 et
359 2370 516 2415 sacerdotibus
527 2370 615 2425 relicta,
630 2368 715 2415 horum
724 2369 797 2415 servis
814 2368 933 2415 interdurn
949 2383 992 2428 pro
1008 2384 1069 2429 pane

125 2436 183 2481 data
205 2448 255 2480 esse
277 2434 401 2485 videntur:
422 2436 472 2493 jam
493 2433 541 2493 joci
564 2435 635 2480 causi
653 2441 740 2487 narrat,
763 2447 837 2479 unum
857 2433 983 2494 aliquando
1004 2448 1070 2482 mero

124 2500 198 2559 hujus
214 2499 260 2545 cibi
278 2499 377 2545 nimium
394 2498 469 2544 dulcis
485 2498 554 2543 taedio
573 2500 603 2544 ab
622 2497 679 2544 hero
695 2497 821 2557 aufugisse,
838 2512 884 2557 quo
901 2499 997 2544 tandem
1014 2514 1069 2547 vero

123 2578 188 2625 pane
206 2559 535 2624 vescentum-[placenta]
554 2577 583 2608 ex
599 2562 676 2609 ferini
694 2570 718 2609 et
730 2577 805 2617 cnseo,
824 2564 876 2609 oleo
897 2562 978 2618 fricta,
995 2579 1068 2625 papa·

123 2644 189 2685 vere,
202 2643 299 2684 sesamo,
310 2628 379 2674 rnelle
390 2629 481 2681 notite,
501 2626 525 2672 h.
537 2627 552 2673 1.
563 2629 652 2674 eaedem
663 2642 716 2673 curn
727 2629 788 2687 uon,
801 2628 844 2674 etei
860 2628 960 2689 propriae
971 2629 1021 2676 haec
1032 2630 1069 2677 dis

121 2694 292 2750 offerebantur,
314 2694 360 2739 illae
382 2693 443 2739 inter
465 2692 568 2739 crustula
585 2707 602 2738 e.
624 2692 736 2738 dulciaria
754 2691 1069 2755 referebantur.-[Vioere

123 2754 427 2819 natura—convenienter]
445 2752 651 2819 ὁμολογουμένως
661 2771 693 2819 rp
705 2753 778 2819 φύσει
791 2754 839 2820 ζῇν
853 2758 991 2817 pervulgata
1006 2760 1068 2805 Stoi·

120 2838 207 2870 corum
217 2830 269 2869 erat
279 2823 399 2869 doctrina:
416 2836 498 2868 verum
511 2822 623 2867 Horatius
633 2822 656 2867 la
668 2821 683 2867 l.
695 2822 839 2882 populariter
853 2822 964 2882 loquitur,
981 2832 1008 2871 ut
1019 2825 1068 2871 cte.

125 2889 158 2935 de
171 2889 242 2947 Legg.
256 2888 277 2943 1,
289 2887 328 2942 21,
339 2886 380 2938 66,
397 2888 442 2934 Sed
452 2894 511 2933 certe
527 2901 563 2932 rer
574 2888 609 2933 ilo
619 2902 644 2933 ae
654 2888 729 2942 hobel,
747 2893 773 2933 tet
783 2902 810 2933 ee
824 2891 909 2934 natare
923 2890 997 2936 olom
1008 2904 1069 2935 tum·

124 2968 186 3000 mam
198 2955 325 3008 bonamcit,
338 2954 415 3007 idest,
427 2954 487 2998 vitei
500 2952 607 2997 modica
620 2957 648 2997 et
663 2953 732 3010 apta
747 2953 854 2998 virtute
868 2948 965 3012 perfrui.
997 2952 1068 2999 ‘lluc

123 3025 205 3064 autem
216 3018 318 3078 pertinet
329 3018 399 3063 etiam
411 3016 525 3063 habitatio
536 3024 626 3061 naturae
637 3016 718 3061 usibus
728 3015 865 3072 inserviens,
876 3017 913 3062 cul
924 3027 979 3063 ante
988 3018 1069 3064 omnia

124 3098 183 3129 area
194 3081 220 3143 (a
230 3079 285 3141 rite)
297 3082 405 3141 eligenda
416 3089 459 3137 est,
477 3080 502 3126 id
517 3081 579 3140 quod
595 3080 682 3140 optime
694 3080 721 3126 lit
731 3081 789 3137 ruri,
806 3082 847 3127 ubi
858 3083 932 3128 beata
943 3083 997 3127 vitra
1008 3081 1068 3128 niltil

122 3147 218 3194 obstat!
226 3170 260 3181 —
268 3148 337 3193 Domo
348 3147 445 3206 antique
455 3160 498 3206 pro
509 3147 583 3193 domm
594 3155 630 3191 eet
643 3144 767 3204 aliquoties
781 3148 845 3205 apud
856 3145 970 3193 Catonem
981 3144 1024 3206 (li.
1036 3147 1067 3194 li.

128 3210 185 3267 131,
197 3209 261 3271 irc).
293 3212 321 3258 ln
333 3226 397 3271 seqq.
409 3212 522 3258 Sabinum
532 3224 601 3256 suum
613 3210 715 3269 respicit.

160 3276 197 3333 16,
215 3276 252 3330 17.
270 3272 370 3337 [rabiem
389 3274 471 3338 Confi]
490 3276 601 3322 Canicula
618 3275 724 3321 exoritur
743 3275 839 3335 quidem
858 3289 882 3321 a.
893 3287 918 3320 n.
936 3285 995 3320 ιιιιι.
1013 3274 1067 3323 Kal.

124 3340 189 3401 Aug.
209 3340 252 3403 (20
263 3342 301 3387 die
313 3341 347 3385 Μ.
359 3339 437 3401 Julii,)
454 3342 495 3387 sed
513 3348 610 3401 apparet
625 3351 670 3386 vit.
685 3340 738 3386 Kal
755 3340 799 3402 (27
814 3340 873 3395 iul.)
892 3338 1020 3385 Schneider
1035 3341 1066 3387 ed

122 3406 217 3453 Colum.
235 3405 272 3461 ll,
287 3407 309 3460 2,
325 3406 364 3453 63.
397 3406 435 3451 Sol
455 3407 527 3451 intrat
545 3406 649 3452 Leonem
664 3404 696 3451 23
713 3406 752 3451 die
771 3406 804 3452 Μ.
816 3400 1068 3468 iulii—[momento]

123 3473 225 3526 ‘motus‚
243 3471 354 3517 circuitus
364 3472 477 3528 caelestes,
496 3470 536 3529 qui
547 3484 575 3516 eo
587 3478 692 3530 tempore
706 3470 774 3526 liunt,
792 3484 838 3529 quo
849 3468 887 3514 Sol
898 3468 969 3513 estin
981 3469 1066 3517 Leonis

123 3536 274 3596 signentque
285 3536 307 3581 vi
319 3536 401 3581 caloris
412 3544 485 3581 terras
496 3536 578 3594 urgen'
612 3534 706 3581 Pontice
716 3549 766 3580 rem
777 3534 811 3580 sic
822 3532 939 3592 exprimit,
955 3541 982 3579 ut
991 3534 1065 3594 lingat

125 3600 231 3647 Leonem
243 3599 386 3647 adiutorem
398 3599 493 3647 excitari
503 3599 563 3647 Solle
574 3599 646 3646 radiis
655 3602 737 3656 antia,
747 3612 803 3645 enm
812 3598 997 3659 penetrantibus.
1018 3602 1064 3648 οι1.

122 3664 148 3723 3,
158 3666 200 3727 29,
212 3665 250 3713 13.
