2442 4059
356 279 608 350 Errsronnnurr'
621 305 688 349 nm.
705 305 728 350 1.
746 288 794 351 18.
1004 291 1045 352 77

102 456 174 521 Non
190 456 292 521 cuivis
303 454 420 520 homini
437 456 591 543 contingit
605 456 688 521 adire
706 455 901 522 Corinthum.

104 542 199 619 Sedit,
216 542 269 629 qui
286 542 398 621 timuit,
415 566 455 607 ne
471 565 532 607 non
548 544 744 619 succederet3
767 556 850 608 esto:

104 628 198 706 Quid,
216 629 270 715 qui
285 629 436 714 pervenit,
453 630 566 693 fecitne
582 628 736 695 viriliter?
781 631 881 716 Atqui

102 714 165 780 Hic
194 727 251 791 est,
281 728 335 779 aut
363 738 524 801 nusquam,
556 716 639 801 quod
669 716 854 801 quaerimus:
886 715 938 779 hic
966 737 1044 780 onus

185 801 299 877 horret,

103 887 150 951 Ut
164 887 265 972 parvis
280 886 390 951 animis
405 904 437 951 et
452 909 546 972 parvo
560 910 687 973 corpore
704 888 821 972 majus:
1002 893 1044 951 40

104 972 166 1037 Hic
180 972 264 1038 subit
278 986 310 1038 et
324 973 449 1058 perfert.
496 975 562 1039 Aut
579 974 676 1037 virtus
691 996 803 1036 nomen
820 973 911 1037 inane
927 986 983 1051 est,

103 1060 169 1123 Aut
183 1057 277 1123 decus
292 1070 324 1123 ct
339 1060 471 1144 pretium
488 1072 572 1124 recte
588 1060 667 1145 petit
681 1059 845 1145 experiens
860 1060 917 1125 vir.

104 1145 214 1209 Coram
231 1167 305 1232 rege
320 1145 375 1209 sub
391 1145 430 1209 de
446 1159 627 1295 paupertate
642 1156 779 1210 tacentes

104 1232 179 1296 Plus
194 1242 339 1317 poscente
355 1233 472 1295 serent:
518 1232 598 1308 istut,
614 1254 756 1296 sumasne
772 1231 934 1317 pudenter,

103 1317 154 1380 An
170 1316 289 1403 rapias;
311 1316 398 1402 atqui
413 1340 515 1381 rerum
531 1329 624 1403 caput
639 1318 696 1381 hoc
711 1331 786 1394 erat,
804 1329 836 1381 et
850 1319 927 1381 sons.
1002 1321 1044 1380 45
1080 1362 1086 1371 ·

104 1401 247 1467 Indotata
262 1401 335 1466 mihi
351 1425 434 1467 soror
449 1416 505 1480 est,
522 1404 709 1489 paupercula
723 1416 830 1480 mater,

103 1487 146 1552 Et
160 1488 273 1553 fundus
288 1511 347 1553 nec
361 1488 533 1565 vendibilis,
551 1512 608 1554 nee
623 1511 747 1574 pascere
763 1489 877 1566 firmuS,

103 1574 169 1649 Qui
185 1575 269 1651 dicit,
286 1574 406 1652 clamat,
424 1574 551 1639 Victum
566 1575 656 1640 date:
680 1575 811 1640 succinit
824 1576 911 1653 alter,

102 1659 147 1724 Et
162 1660 236 1723 mihi
252 1659 377 1724 dividuo
392 1660 527 1725 findetur
543 1684 670 1724 munere
686 1660 810 1746 quadra.

103 1744 166 1810 Sed
184 1746 294 1810 tacitus
308 1747 392 1832 pasci
407 1747 432 1811 si
448 1770 557 1812 corvus
572 1760 685 1833 posset,
703 1746 829 1812 haberet
1003 1751 1044 1812 50

102 1831 180 1896 Plus
195 1831 290 1918 dapis,
308 1845 340 1898 et
354 1832 429 1897 rixae
446 1833 543 1898 multo
556 1833 659 1899 miuus
674 1831 869 1920 invidiaeque.

500 2052 652 2063 —-.——-..

296 2224 459 2269 nersronu
480 2200 856 2269 xv111.-un¹nonn1urr.

101 2356 138 2421 Si
154 2354 236 2421 bene
252 2356 380 2433 tenori,
397 2368 526 2432 metues,
543 2356 699 2421 liberrime
717 2356 808 2430 Lolli,

101 2442 280 2507 Scurrantis
294 2443 429 2528 speciem
445 2442 591 2527 praebere,
609 2442 762 2527 professus
776 2440 918 2505 amicum.

99 2527 163 2593 Est
178 2526 251 2591 huic
265 2528 419 2592 diversum
435 2528 511 2593 vitio
526 2527 635 2591 vitium
652 2550 748 2613 prope
764 2529 874 2613 majus,

99 2614 267 2698 Asperitas
281 2614 411 2701 agrestis
426 2625 458 2678 ct
472 2615 657 2678 inconcinna
671 2612 846 2699 gravisque,

100 2699 188 2775 Quae
203 2721 236 2763 se
251 2699 446 2764 commendat
460 2700 548 2764 tonsi
563 2713 644 2777 cute,
661 2699 805 2764 dentibus
819 2699 902 2775 atris,
1028 2705 1048 2763 5

99 2785 193 2849 Dum
209 2785 277 2850 vult
292 2785 415 2851 libertas
430 2785 490 2849 dici
505 2808 599 2863 mera,
617 2809 752 2870 veraque
768 2786 873 2849 virtus.

99 2870 214 2934 Virtus
230 2883 277 2935 est
292 2872 428 2935 medinm
443 2872 587 2935 vitiorum
604 2883 636 2936 et
651 2872 796 2956 utrinqne
813 2872 982 2936 reductum.

98 2956 197 3021 Alter
211 2956 243 3019 in
260 2957 442 3043 obsequium
459 2958 528 3042 plus
543 2980 632 3041 aequo
647 2980 762 3042 pronus
777 2970 810 3021 et
823 2957 878 3021 imi

96 3042 237 3107 Derisor
252 3042 334 3119 lecti,
351 3044 395 3107 sio
410 3055 519 3107 nutum
535 3042 638 3106 divitis
653 3042 765 3117 horret,

97 3128 158 3193 Sic
173 3130 266 3193 iterat
282 3152 381 3205 voces,
398 3142 430 3194 ct
445 3130 539 3194 verba
555 3128 695 3192 cadentia
710 3127 799 3207 tollit,
1011 3132 1049 3190 10

87 3194 153 3279 'Ut
168 3237 300 3299 puerum
316 3238 397 3280 saevo
413 3215 518 3279 credas
534 3214 648 3279 dictata
662 3215 808 3301 magistro

97 3300 263 3376 Reddere,
280 3302 329 3363 vel
345 3314 447 3386 partes
463 3301 591 3364 mimum
607 3313 737 3366 tractare
751 3300 910 3365 secundas.

61 3390 68 3405 ‘
95 3386 199 3451 Alter
213 3384 331 3449 rixatur
346 3387 386 3450 de
400 3387 470 3451 lani
485 3410 567 3472 saepe
583 3386 720 3472 caprini,

97 3471 292 3558 Propugnat
307 3472 399 3558 nugis
414 3487 565 3537 armatus:
592 3473 727 3548 Scilicet,
743 3484 855 3537 utnon

98 3558 154 3623 Sit
169 3558 248 3621 milri
264 3559 362 3643 prima
377 3558 463 3636 lides,
480 3570 521 3635 et,
539 3581 610 3622 vere
626 3557 707 3644 quod
724 3558 834 3641 placet,
849 3565 884 3618 ut
899 3576 960 3618 non
1016 3558 1054 3619 15

86 3644 235 3709 'Acriter
250 3643 403 3709 elatrem?
449 3644 591 3709 Pretium
606 3655 680 3709 aetas
694 3642 791 3707 altera
804 3640 917 3705 sordet

435 3756 436 3759 ¹
563 3734 620 3793 n3
