<?xml version="1.0" encoding="UTF-8"?>
<!DOCTYPE html PUBLIC "-//W3C//DTD XHTML 1.0 Transitional//EN"
    "http://www.w3.org/TR/xhtml1/DTD/xhtml1-transitional.dtd">
<html xmlns="http://www.w3.org/1999/xhtml" xml:lang="en" lang="en">
 <head>
  <title>
</title>
<meta http-equiv="Content-Type" content="text/html;charset=utf-8" />
  <meta name='ocr-system' content='tesseract 3.04.00' />
  <meta name='ocr-capabilities' content='ocr_page ocr_carea ocr_par ocr_line ocrx_word'/>
</head>
<body>
  <div class='ocr_page' id='page_1' title='image "./ecloghoratianad00flacgoog_0196.png"; bbox 0 0 2442 4059; ppageno 0'>
   <div class='ocr_carea' id='block_1_1' title="bbox 178 245 1121 332">
    <p class='ocr_par' dir='ltr' id='par_1_1' title="bbox 178 245 1121 332">
     <span class='ocr_line' id='line_1_1' title="bbox 178 245 1121 332; baseline -0.005 -11"><span class='ocrx_word' id='word_1_1' title='bbox 178 263 243 331; x_wconf 79' lang='lat'>188·</span> <span class='ocrx_word' id='word_1_2' title='bbox 507 245 797 318; x_wconf 63' lang='lat' dir='ltr'><strong>rnrunrnanartoj</strong></span> <span class='ocrx_word' id='word_1_3' title='bbox 1025 267 1121 332; x_wconf 68' lang='lat' dir='ltr'><strong>[erm.</strong></span> 
     </span>
    </p>
   </div>
   <div class='ocr_carea' id='block_1_2' title="bbox 121 416 1125 1257">
    <p class='ocr_par' dir='ltr' id='par_1_2' title="bbox 177 416 1124 723">
     <span class='ocr_line' id='line_1_2' title="bbox 177 416 1122 482; baseline 0 -18"><span class='ocrx_word' id='word_1_4' title='bbox 177 418 242 464; x_wconf 81' lang='lat' dir='ltr'><strong>‘alti</strong></span> <span class='ocrx_word' id='word_1_5' title='bbox 258 431 314 465; x_wconf 83' lang='lat' dir='ltr'><strong>roae</strong></span> <span class='ocrx_word' id='word_1_6' title='bbox 330 425 355 465; x_wconf 90' lang='lat' dir='ltr'><strong>et</strong></span> <span class='ocrx_word' id='word_1_7' title='bbox 369 417 447 479; x_wconf 87' lang='lat' dir='ltr'><strong>pelam</strong></span> <span class='ocrx_word' id='word_1_8' title='bbox 464 417 532 466; x_wconf 88' lang='lat' dir='ltr'><strong>docet</strong></span> <span class='ocrx_word' id='word_1_9' title='bbox 543 418 605 481; x_wconf 87' lang='lat' dir='ltr'><strong>(eine</strong></span> <span class='ocrx_word' id='word_1_10' title='bbox 619 421 783 469; x_wconf 71' lang='lat' dir='ltr'><strong>retractatione</strong></span> <span class='ocrx_word' id='word_1_11' title='bbox 800 427 841 468; x_wconf 88' lang='lat' dir='ltr'><strong>ant</strong></span> <span class='ocrx_word' id='word_1_12' title='bbox 853 417 968 480; x_wconf 77' lang='lat' dir='ltr'><strong>puriore).&#39;</strong></span> <span class='ocrx_word' id='word_1_13' title='bbox 987 420 1016 466; x_wconf 85' lang='lat' dir='ltr'><strong>V.</strong></span> <span class='ocrx_word' id='word_1_14' title='bbox 1035 416 1122 482; x_wconf 73' lang='grc' dir='ltr'><strong>προδι.</strong></span> 
     </span>
     <span class='ocr_line' id='line_1_3' title="bbox 178 477 1123 546; baseline 0.004 -18"><span class='ocrx_word' id='word_1_15' title='bbox 178 477 278 529; x_wconf 77' lang='grc' dir='ltr'><strong>δάστειν</strong></span> <span class='ocrx_word' id='word_1_16' title='bbox 291 480 372 543; x_wconf 86' lang='lat' dir='ltr'><strong>(Sopb.</strong></span> <span class='ocrx_word' id='word_1_17' title='bbox 386 484 469 530; x_wconf 84' lang='lat' dir='ltr'><strong>Trach.</strong></span> <span class='ocrx_word' id='word_1_18' title='bbox 481 484 539 544; x_wconf 90' lang='grc'><strong>681)</strong></span> <span class='ocrx_word' id='word_1_19' title='bbox 549 486 632 533; x_wconf 82' lang='lat' dir='ltr'><strong>callide</strong></span> <span class='ocrx_word' id='word_1_20' title='bbox 643 488 673 534; x_wconf 83' lang='lat' dir='ltr'><strong>ati</strong></span> <span class='ocrx_word' id='word_1_21' title='bbox 681 487 829 533; x_wconf 71' lang='lat' dir='ltr'><strong>Latinitatem</strong></span> <span class='ocrx_word' id='word_1_22' title='bbox 841 481 1123 546; x_wconf 75' lang='lat' dir='ltr'><strong>deflexit—[recinant]</strong></span> 
     </span>
     <span class='ocr_line' id='line_1_4' title="bbox 179 547 1123 611; baseline 0.002 -17"><span class='ocrx_word' id='word_1_23' title='bbox 179 547 377 608; x_wconf 79' lang='lat' dir='ltr'><strong>upp.1,18,13,</strong></span> <span class='ocrx_word' id='word_1_24' title='bbox 392 563 486 608; x_wconf 80' lang='lat' dir='ltr'><strong>puerum</strong></span> <span class='ocrx_word' id='word_1_25' title='bbox 502 565 560 597; x_wconf 84' lang='lat' dir='ltr'><strong>aaeoo</strong></span> <span class='ocrx_word' id='word_1_26' title='bbox 578 552 659 598; x_wconf 76' lang='lat' dir='ltr'><strong>cratim</strong></span> <span class='ocrx_word' id='word_1_27' title='bbox 675 553 763 598; x_wconf 61' lang='lat' dir='ltr'><strong>obtato</strong></span> <span class='ocrx_word' id='word_1_28' title='bbox 777 552 887 611; x_wconf 72' lang='lat' dir='ltr'><strong>magistro</strong></span> <span class='ocrx_word' id='word_1_29' title='bbox 901 551 1020 605; x_wconf 56' lang='grc' dir='ltr'><strong>Μάριος</strong></span> <span class='ocrx_word' id='word_1_30' title='bbox 1041 550 1083 596; x_wconf 89' lang='lat' dir='ltr'><strong>ubi</strong></span> <span class='ocrx_word' id='word_1_31' title='bbox 1101 564 1123 596; x_wconf 86' lang='lat' dir='ltr'><strong>r.</strong></span> 
     </span>
     <span class='ocr_line' id='line_1_5' title="bbox 177 611 1124 672; baseline 0.006 -16"><span class='ocrx_word' id='word_1_32' title='bbox 177 611 272 671; x_wconf 92' lang='lat' dir='ltr'><strong>proprio</strong></span> <span class='ocrx_word' id='word_1_33' title='bbox 288 620 331 658; x_wconf 90' lang='lat' dir='ltr'><strong>eat.</strong></span> <span class='ocrx_word' id='word_1_34' title='bbox 365 612 412 658; x_wconf 76' lang='lat' dir='ltr'><strong>cte.</strong></span> <span class='ocrx_word' id='word_1_35' title='bbox 424 614 453 659; x_wconf 89' lang='lat' dir='ltr'><strong>de</strong></span> <span class='ocrx_word' id='word_1_36' title='bbox 465 613 496 660; x_wconf 84' lang='lat' dir='ltr'><strong>N.</strong></span> <span class='ocrx_word' id='word_1_37' title='bbox 508 615 538 662; x_wconf 86' lang='lat' dir='ltr'><strong>D.</strong></span> <span class='ocrx_word' id='word_1_38' title='bbox 552 615 573 672; x_wconf 90' lang='lat' dir='ltr'><strong>l,</strong></span> <span class='ocrx_word' id='word_1_39' title='bbox 585 616 630 671; x_wconf 68' lang='lat'><strong>263</strong></span> <span class='ocrx_word' id='word_1_40' title='bbox 647 617 689 663; x_wconf 86' lang='lat' dir='ltr'><strong>aed</strong></span> <span class='ocrx_word' id='word_1_41' title='bbox 704 615 767 662; x_wconf 89' lang='lat' dir='ltr'><strong>idem</strong></span> <span class='ocrx_word' id='word_1_42' title='bbox 784 617 813 662; x_wconf 86' lang='lat' dir='ltr'><strong>tle</strong></span> <span class='ocrx_word' id='word_1_43' title='bbox 828 616 897 662; x_wconf 75' lang='lat' dir='ltr'><strong>utun.</strong></span> <span class='ocrx_word' id='word_1_44' title='bbox 909 615 932 670; x_wconf 81' lang='lat'><strong>4,</strong></span> <span class='ocrx_word' id='word_1_45' title='bbox 943 614 966 670; x_wconf 82' lang='lat'><strong>4,</strong></span> <span class='ocrx_word' id='word_1_46' title='bbox 980 615 1073 661; x_wconf 84' lang='lat' dir='ltr'><strong>dictato</strong></span> <span class='ocrx_word' id='word_1_47' title='bbox 1082 616 1124 662; x_wconf 71' lang='lat' dir='ltr'><strong>de·</strong></span> 
     </span>
     <span class='ocr_line' id='line_1_6' title="bbox 178 676 757 723; baseline 0 0"><span class='ocrx_word' id='word_1_48' title='bbox 178 676 350 723; x_wconf 75' lang='lat' dir='ltr'><strong>contaretlirit.</strong></span> <span class='ocrx_word' id='word_1_49' title='bbox 755 691 757 695; x_wconf 80' lang='grc'><strong>’</strong></span> 
     </span>
    </p>

    <p class='ocr_par' dir='ltr' id='par_1_3' title="bbox 121 737 1124 1128">
     <span class='ocr_line' id='line_1_7' title="bbox 212 737 1124 803; baseline 0 -15"><span class='ocrx_word' id='word_1_50' title='bbox 212 741 250 788; x_wconf 83' lang='grc'><strong>48.</strong></span> <span class='ocrx_word' id='word_1_51' title='bbox 269 737 362 802; x_wconf 70' lang='lat' dir='ltr'><strong>[Leno]</strong></span> <span class='ocrx_word' id='word_1_52' title='bbox 382 740 449 788; x_wconf 86' lang='lat' dir='ltr'><strong>idem</strong></span> <span class='ocrx_word' id='word_1_53' title='bbox 465 757 545 790; x_wconf 83' lang='lat' dir='ltr'><strong>teraue</strong></span> <span class='ocrx_word' id='word_1_54' title='bbox 562 745 610 792; x_wconf 87' lang='lat' dir='ltr'><strong>Sat.</strong></span> <span class='ocrx_word' id='word_1_55' title='bbox 626 745 648 802; x_wconf 90' lang='lat' dir='ltr'><strong>i,</strong></span> <span class='ocrx_word' id='word_1_56' title='bbox 660 746 683 799; x_wconf 87' lang='grc'><strong>6,</strong></span> <span class='ocrx_word' id='word_1_57' title='bbox 696 744 736 801; x_wconf 81' lang='grc'><strong>74,</strong></span> <span class='ocrx_word' id='word_1_58' title='bbox 749 743 789 790; x_wconf 92' lang='lat' dir='ltr'><strong>ubi</strong></span> <span class='ocrx_word' id='word_1_59' title='bbox 800 743 861 791; x_wconf 82' lang='lat' dir='ltr'><strong>ride.</strong></span> <span class='ocrx_word' id='word_1_60' title='bbox 892 745 901 769; x_wconf 78' lang='lat'><strong><em>⁶</em></strong></span> <span class='ocrx_word' id='word_1_61' title='bbox 909 743 1053 803; x_wconf 74' lang='lat' dir='ltr'><strong>Argentarii,</strong></span> <span class='ocrx_word' id='word_1_62' title='bbox 1065 744 1124 789; x_wconf 84' lang='lat' dir='ltr'><strong>dum</strong></span> 
     </span>
     <span class='ocr_line' id='line_1_8' title="bbox 179 804 1124 869; baseline 0.002 -17"><span class='ocrx_word' id='word_1_63' title='bbox 179 804 246 852; x_wconf 80' lang='lat' dir='ltr'><strong>senua</strong></span> <span class='ocrx_word' id='word_1_64' title='bbox 256 819 325 852; x_wconf 88' lang='lat' dir='ltr'><strong>auum</strong></span> <span class='ocrx_word' id='word_1_65' title='bbox 341 815 458 863; x_wconf 81' lang='lat' dir='ltr'><strong>exercent,</strong></span> <span class='ocrx_word' id='word_1_66' title='bbox 471 809 542 854; x_wconf 84' lang='lat' dir='ltr'><strong>veluti</strong></span> <span class='ocrx_word' id='word_1_67' title='bbox 553 810 638 856; x_wconf 81' lang='lat' dir='ltr'><strong>(locent</strong></span> <span class='ocrx_word' id='word_1_68' title='bbox 653 811 754 869; x_wconf 86' lang='lat' dir='ltr'><strong>reliquoe</strong></span> <span class='ocrx_word' id='word_1_69' title='bbox 768 810 830 856; x_wconf 85' lang='lat' dir='ltr'><strong>cirea</strong></span> <span class='ocrx_word' id='word_1_70' title='bbox 846 822 927 855; x_wconf 76' lang='lat' dir='ltr'><strong>omnes</strong></span> <span class='ocrx_word' id='word_1_71' title='bbox 943 822 1054 854; x_wconf 89' lang='lat' dir='ltr'><strong>nummoa</strong></span> <span class='ocrx_word' id='word_1_72' title='bbox 1068 816 1124 854; x_wconf 88' lang='lat' dir='ltr'><strong>aute</strong></span> 
     </span>
     <span class='ocr_line' id='line_1_9' title="bbox 179 869 1124 940; baseline 0.005 -26"><span class='ocrx_word' id='word_1_73' title='bbox 179 869 289 916; x_wconf 80' lang='lat' dir='ltr'><strong>virtutem</strong></span> <span class='ocrx_word' id='word_1_74' title='bbox 301 872 439 929; x_wconf 87' lang='lat' dir='ltr'><strong>quaerendoa</strong></span> <span class='ocrx_word' id='word_1_75' title='bbox 449 886 499 919; x_wconf 78' lang='lat' dir='ltr'><strong>esee</strong></span> <span class='ocrx_word' id='word_1_76' title='bbox 509 889 515 926; x_wconf 75' lang='lat' dir='ltr'><strong>r</strong></span> <span class='ocrx_word' id='word_1_77' title='bbox 526 874 596 920; x_wconf 90' lang='lat' dir='ltr'><strong>talem</strong></span> <span class='ocrx_word' id='word_1_78' title='bbox 608 875 737 921; x_wconf 83' lang='lat' dir='ltr'><strong>doctrinam</strong></span> <span class='ocrx_word' id='word_1_79' title='bbox 748 875 832 940; x_wconf 84' lang='lat' dir='ltr'><strong>cupide</strong></span> <span class='ocrx_word' id='word_1_80' title='bbox 842 873 979 932; x_wconf 74' lang='lat' dir='ltr'><strong>arripientes</strong></span> <span class='ocrx_word' id='word_1_81' title='bbox 990 882 1015 918; x_wconf 86' lang='lat' dir='ltr'><strong>et</strong></span> <span class='ocrx_word' id='word_1_82' title='bbox 1022 875 1124 932; x_wconf 83' lang='lat' dir='ltr'><strong>J&#39;uvenea</strong></span> 
     </span>
     <span class='ocr_line' id='line_1_10' title="bbox 180 933 1124 998; baseline 0.004 -18"><span class='ocrx_word' id='word_1_83' title='bbox 180 941 204 980; x_wconf 90' lang='lat' dir='ltr'><strong>et</strong></span> <span class='ocrx_word' id='word_1_84' title='bbox 218 947 286 981; x_wconf 83' lang='lat' dir='ltr'><strong>aenea</strong></span> <span class='ocrx_word' id='word_1_85' title='bbox 302 935 352 982; x_wconf 83' lang='lat' dir='ltr'><strong>haec</strong></span> <span class='ocrx_word' id='word_1_86' title='bbox 368 933 487 996; x_wconf 75' lang='lat' dir='ltr'><strong>tanlquam</strong></span> <span class='ocrx_word' id='word_1_87' title='bbox 504 937 610 997; x_wconf 77' lang='lat' dir='ltr'><strong>discipuli</strong></span> <span class='ocrx_word' id='word_1_88' title='bbox 628 939 738 998; x_wconf 73' lang='lat' dir='ltr'><strong>maglatro</strong></span> <span class='ocrx_word' id='word_1_89' title='bbox 755 939 841 984; x_wconf 82' lang='lat' dir='ltr'><strong>dictata</strong></span> <span class='ocrx_word' id='word_1_90' title='bbox 856 939 965 992; x_wconf 85' lang='lat' dir='ltr'><strong>reddunt,</strong></span> <span class='ocrx_word' id='word_1_91' title='bbox 978 952 1006 984; x_wconf 86' lang='lat' dir='ltr'><strong>ac</strong></span> <span class='ocrx_word' id='word_1_92' title='bbox 1019 937 1124 997; x_wconf 81' lang='lat' dir='ltr'><strong>profecto</strong></span> 
     </span>
     <span class='ocr_line' id='line_1_11' title="bbox 180 996 1124 1064; baseline 0.005 -21"><span class='ocrx_word' id='word_1_93' title='bbox 180 996 239 1044; x_wconf 83' lang='lat' dir='ltr'><strong>milti</strong></span> <span class='ocrx_word' id='word_1_94' title='bbox 255 1013 403 1060; x_wconf 84' lang='lat' dir='ltr'><strong>nequaquam</strong></span> <span class='ocrx_word' id='word_1_95' title='bbox 425 1001 510 1048; x_wconf 81' lang='lat' dir='ltr'><strong>diverti</strong></span> <span class='ocrx_word' id='word_1_96' title='bbox 527 1003 637 1049; x_wconf 80' lang='lat' dir='ltr'><strong>videntur</strong></span> <span class='ocrx_word' id='word_1_97' title='bbox 657 1019 672 1050; x_wconf 87' lang='lat' dir='ltr'><strong>a</strong></span> <span class='ocrx_word' id='word_1_98' title='bbox 693 1002 796 1064; x_wconf 86' lang='lat' dir='ltr'><strong>puerniia</strong></span> <span class='ocrx_word' id='word_1_99' title='bbox 811 1002 835 1048; x_wconf 91' lang='lat' dir='ltr'><strong>in</strong></span> <span class='ocrx_word' id='word_1_100' title='bbox 854 1003 936 1048; x_wconf 86' lang='lat' dir='ltr'><strong>iudum</strong></span> <span class='ocrx_word' id='word_1_101' title='bbox 958 1002 1091 1048; x_wconf 86' lang='lat' dir='ltr'><strong>literarium</strong></span> <span class='ocrx_word' id='word_1_102' title='bbox 1110 1016 1124 1048; x_wconf 90' lang='lat' dir='ltr'><strong>a</strong></span> 
     </span>
     <span class='ocr_line' id='line_1_12' title="bbox 121 1063 894 1128; baseline 0.005 -20"><span class='ocrx_word' id='word_1_103' title='bbox 121 1080 123 1088; x_wconf 70' lang='lat'><strong>,</strong></span> <span class='ocrx_word' id='word_1_104' title='bbox 180 1063 308 1124; x_wconf 76' lang='lat' dir='ltr'><strong>paedagogo</strong></span> <span class='ocrx_word' id='word_1_105' title='bbox 319 1065 433 1119; x_wconf 81' lang='lat' dir='ltr'><strong>deductio,</strong></span> <span class='ocrx_word' id='word_1_106' title='bbox 442 1081 500 1126; x_wconf 84' lang='lat' dir='ltr'><strong>quoe</strong></span> <span class='ocrx_word' id='word_1_107' title='bbox 510 1068 566 1113; x_wconf 89' lang='lat' dir='ltr'><strong>olim</strong></span> <span class='ocrx_word' id='word_1_108' title='bbox 577 1068 610 1114; x_wconf 87' lang='lat' dir='ltr'><strong>aic</strong></span> <span class='ocrx_word' id='word_1_109' title='bbox 619 1068 743 1128; x_wconf 82' lang='lat' dir='ltr'><strong>deecripei:</strong></span> <span class='ocrx_word' id='word_1_110' title='bbox 761 1067 842 1123; x_wconf 57' lang='lat' dir='ltr'><strong>Leno)</strong></span> <span class='ocrx_word' id='word_1_111' title='bbox 852 1069 894 1113; x_wconf 72' lang='lat' dir='ltr'><strong>iic.</strong></span> 
     </span>
    </p>

    <p class='ocr_par' dir='ltr' id='par_1_4' title="bbox 180 1126 1125 1257">
     <span class='ocr_line' id='line_1_13' title="bbox 213 1126 1125 1193; baseline 0.004 -19"><span class='ocrx_word' id='word_1_112' title='bbox 213 1128 253 1185; x_wconf 89' lang='grc'><strong>66,</strong></span> <span class='ocrx_word' id='word_1_113' title='bbox 264 1129 303 1176; x_wconf 86' lang='grc'><strong>61.</strong></span> <span class='ocrx_word' id='word_1_114' title='bbox 329 1126 455 1192; x_wconf 76' lang='lat' dir='ltr'><strong>[fidenque]</strong></span> <span class='ocrx_word' id='word_1_115' title='bbox 479 1131 585 1188; x_wconf 76' lang='lat' dir='ltr'><strong>credit,</strong></span> <span class='ocrx_word' id='word_1_116' title='bbox 604 1134 680 1179; x_wconf 79' lang='lat' dir='ltr'><strong>‘boni</strong></span> <span class='ocrx_word' id='word_1_117' title='bbox 696 1133 760 1180; x_wconf 76' lang='lat' dir='ltr'><strong>fami</strong></span> <span class='ocrx_word' id='word_1_118' title='bbox 777 1140 801 1179; x_wconf 89' lang='lat' dir='ltr'><strong>et</strong></span> <span class='ocrx_word' id='word_1_119' title='bbox 819 1141 915 1193; x_wconf 89' lang='lat' dir='ltr'><strong>propter</strong></span> <span class='ocrx_word' id='word_1_120' title='bbox 931 1131 1081 1178; x_wconf 75' lang='lat' dir='ltr'><strong>honestatem</strong></span> <span class='ocrx_word' id='word_1_121' title='bbox 1099 1139 1125 1178; x_wconf 88' lang='lat' dir='ltr'><strong>et</strong></span> 
     </span>
     <span class='ocr_line' id='line_1_14' title="bbox 180 1193 1125 1257; baseline 0.004 -19"><span class='ocrx_word' id='word_1_122' title='bbox 180 1200 275 1253; x_wconf 86' lang='lat' dir='ltr'><strong>propter</strong></span> <span class='ocrx_word' id='word_1_123' title='bbox 291 1193 436 1254; x_wconf 87' lang='lat' dir='ltr'><strong>aliquantum</strong></span> <span class='ocrx_word' id='word_1_124' title='bbox 455 1196 568 1256; x_wconf 81' lang='lat' dir='ltr'><strong>pecuniae,</strong></span> <span class='ocrx_word' id='word_1_125' title='bbox 587 1198 695 1256; x_wconf 84' lang='lat' dir='ltr'><strong>quamria</strong></span> <span class='ocrx_word' id='word_1_126' title='bbox 712 1198 743 1244; x_wconf 90' lang='lat' dir='ltr'><strong>ad</strong></span> <span class='ocrx_word' id='word_1_127' title='bbox 764 1205 894 1257; x_wconf 86' lang='lat' dir='ltr'><strong>equeatrem</strong></span> <span class='ocrx_word' id='word_1_128' title='bbox 914 1195 1054 1254; x_wconf 72' lang='lat' dir='ltr'><strong>dignitatem</strong></span> <span class='ocrx_word' id='word_1_129' title='bbox 1076 1211 1125 1242; x_wconf 85' lang='lat' dir='ltr'><strong>non</strong></span> 
     </span>
    </p>
   </div>
   <div class='ocr_carea' id='block_1_3' title="bbox 182 1256 1208 1322">
    <p class='ocr_par' dir='ltr' id='par_1_5' title="bbox 182 1256 1208 1322">
     <span class='ocr_line' id='line_1_15' title="bbox 182 1256 1208 1322; baseline 0.004 -19"><span class='ocrx_word' id='word_1_130' title='bbox 182 1257 296 1304; x_wconf 80' lang='lat' dir='ltr'><strong>aulllciat&#39;</strong></span> <span class='ocrx_word' id='word_1_131' title='bbox 304 1283 337 1293; x_wconf 99' lang='lat'>-</span> <span class='ocrx_word' id='word_1_132' title='bbox 348 1256 546 1322; x_wconf 77' lang='lat' dir='ltr'><strong>[quadringentis]</strong></span> <span class='ocrx_word' id='word_1_133' title='bbox 561 1262 596 1307; x_wconf 89' lang='lat' dir='ltr'><strong>Ex</strong></span> <span class='ocrx_word' id='word_1_134' title='bbox 608 1262 660 1320; x_wconf 76' lang='lat' dir='ltr'><strong>lege</strong></span> <span class='ocrx_word' id='word_1_135' title='bbox 671 1262 757 1309; x_wconf 76' lang='lat' dir='ltr'><strong>Roecii</strong></span> <span class='ocrx_word' id='word_1_136' title='bbox 770 1261 878 1308; x_wconf 82' lang='lat' dir='ltr'><strong>theatrali</strong></span> <span class='ocrx_word' id='word_1_137' title='bbox 890 1260 949 1320; x_wconf 74' lang='lat' dir='ltr'><strong>(iata</strong></span> <span class='ocrx_word' id='word_1_138' title='bbox 965 1273 1049 1308; x_wconf 63' lang='lat' dir='ltr'><strong>amc.</strong></span> <span class='ocrx_word' id='word_1_139' title='bbox 1065 1260 1123 1316; x_wconf 88' lang='grc'><strong>687,</strong></span> <span class='ocrx_word' id='word_1_140' title='bbox 1207 1296 1208 1319; x_wconf 79' lang='lat'><strong>,</strong></span> 
     </span>
    </p>
   </div>
   <div class='ocr_carea' id='block_1_4' title="bbox 182 1322 1130 3712">
    <p class='ocr_par' dir='ltr' id='par_1_6' title="bbox 182 1322 1124 1644">
     <span class='ocr_line' id='line_1_16' title="bbox 182 1322 1123 1386; baseline 0.002 -17"><span class='ocrx_word' id='word_1_141' title='bbox 182 1322 235 1369; x_wconf 80' lang='lat' dir='ltr'><strong>ab.</strong></span> <span class='ocrx_word' id='word_1_142' title='bbox 247 1323 331 1370; x_wconf 82' lang='lat' dir='ltr'><strong>Raecio</strong></span> <span class='ocrx_word' id='word_1_143' title='bbox 342 1324 435 1370; x_wconf 90' lang='lat' dir='ltr'><strong>Othone</strong></span> <span class='ocrx_word' id='word_1_144' title='bbox 447 1325 499 1370; x_wconf 90' lang='lat' dir='ltr'><strong>trib.</strong></span> <span class='ocrx_word' id='word_1_145' title='bbox 514 1323 567 1386; x_wconf 82' lang='lat' dir='ltr'><strong>pi),</strong></span> <span class='ocrx_word' id='word_1_146' title='bbox 583 1327 698 1372; x_wconf 83' lang='lat' dir='ltr'><strong>nancitum</strong></span> <span class='ocrx_word' id='word_1_147' title='bbox 714 1335 771 1383; x_wconf 89' lang='lat' dir='ltr'><strong>erat,</strong></span> <span class='ocrx_word' id='word_1_148' title='bbox 787 1341 817 1373; x_wconf 91' lang='lat' dir='ltr'><strong>ne</strong></span> <span class='ocrx_word' id='word_1_149' title='bbox 834 1324 887 1386; x_wconf 85' lang='lat' dir='ltr'><strong>quie</strong></span> <span class='ocrx_word' id='word_1_150' title='bbox 903 1326 928 1372; x_wconf 92' lang='lat' dir='ltr'><strong>ln</strong></span> <span class='ocrx_word' id='word_1_151' title='bbox 945 1325 1123 1385; x_wconf 82' lang='lat' dir='ltr'><strong>quatuordeeim</strong></span> 
     </span>
     <span class='ocr_line' id='line_1_17' title="bbox 182 1387 1124 1451; baseline 0.003 -18"><span class='ocrx_word' id='word_1_152' title='bbox 182 1387 293 1446; x_wconf 78' lang='lat' dir='ltr'><strong>gradibua</strong></span> <span class='ocrx_word' id='word_1_153' title='bbox 307 1389 438 1446; x_wconf 71' lang='lat' dir='ltr'><strong>orchestrae,</strong></span> <span class='ocrx_word' id='word_1_154' title='bbox 457 1389 481 1435; x_wconf 93' lang='lat' dir='ltr'><strong>in</strong></span> <span class='ocrx_word' id='word_1_155' title='bbox 496 1392 543 1450; x_wconf 73' lang='lat' dir='ltr'><strong>qui</strong></span> <span class='ocrx_word' id='word_1_156' title='bbox 559 1399 678 1438; x_wconf 81' lang='lat' dir='ltr'><strong>renatorea</strong></span> <span class='ocrx_word' id='word_1_157' title='bbox 693 1392 813 1448; x_wconf 85' lang='lat' dir='ltr'><strong>aedabant,</strong></span> <span class='ocrx_word' id='word_1_158' title='bbox 832 1391 944 1451; x_wconf 77' lang='lat' dir='ltr'><strong>proximis</strong></span> <span class='ocrx_word' id='word_1_159' title='bbox 960 1391 1062 1445; x_wconf 58' lang='lat' dir='ltr'><strong>aderet,</strong></span> <span class='ocrx_word' id='word_1_160' title='bbox 1077 1389 1124 1436; x_wconf 86' lang='lat' dir='ltr'><strong>niai</strong></span> 
     </span>
     <span class='ocr_line' id='line_1_18' title="bbox 183 1452 1123 1515; baseline 0.003 -18"><span class='ocrx_word' id='word_1_161' title='bbox 183 1452 224 1511; x_wconf 86' lang='lat' dir='ltr'><strong>qui</strong></span> <span class='ocrx_word' id='word_1_162' title='bbox 240 1466 313 1511; x_wconf 87' lang='lat' dir='ltr'><strong>equee</strong></span> <span class='ocrx_word' id='word_1_163' title='bbox 329 1461 353 1498; x_wconf 89' lang='lat' dir='ltr'><strong>et</strong></span> <span class='ocrx_word' id='word_1_164' title='bbox 368 1453 472 1513; x_wconf 73' lang='lat' dir='ltr'><strong>equestri</strong></span> <span class='ocrx_word' id='word_1_165' title='bbox 488 1469 560 1500; x_wconf 90' lang='lat' dir='ltr'><strong>cenau</strong></span> <span class='ocrx_word' id='word_1_166' title='bbox 576 1463 646 1501; x_wconf 81' lang='lat' dir='ltr'><strong>earet.</strong></span> <span class='ocrx_word' id='word_1_167' title='bbox 679 1455 858 1515; x_wconf 74' lang='lat' dir='ltr'><strong>Quadringenta</strong></span> <span class='ocrx_word' id='word_1_168' title='bbox 872 1456 946 1501; x_wconf 90' lang='lat' dir='ltr'><strong>millia</strong></span> <span class='ocrx_word' id='word_1_169' title='bbox 958 1455 989 1500; x_wconf 88' lang='lat' dir='ltr'><strong>li.</strong></span> <span class='ocrx_word' id='word_1_170' title='bbox 1002 1457 1027 1501; x_wconf 87' lang='lat' dir='ltr'><strong>S.</strong></span> <span class='ocrx_word' id='word_1_171' title='bbox 1043 1463 1123 1501; x_wconf 87' lang='lat' dir='ltr'><strong>autem</strong></span> 
     </span>
     <span class='ocr_line' id='line_1_19' title="bbox 183 1516 1122 1582; baseline 0.004 -20"><span class='ocrx_word' id='word_1_172' title='bbox 183 1529 267 1562; x_wconf 81' lang='lat' dir='ltr'><strong>centua</strong></span> <span class='ocrx_word' id='word_1_173' title='bbox 287 1525 337 1563; x_wconf 87' lang='lat' dir='ltr'><strong>erat</strong></span> <span class='ocrx_word' id='word_1_174' title='bbox 353 1516 568 1581; x_wconf 75' lang='lat' dir='ltr'><strong>equester-[ree</strong></span> <span class='ocrx_word' id='word_1_175' title='bbox 583 1517 681 1582; x_wconf 75' lang='lat' dir='ltr'><strong>reptem]</strong></span> <span class='ocrx_word' id='word_1_176' title='bbox 701 1522 745 1567; x_wconf 81' lang='lat' dir='ltr'><strong>Eat</strong></span> <span class='ocrx_word' id='word_1_177' title='bbox 760 1519 911 1581; x_wconf 80' lang='lat' dir='ltr'><strong>proverbialia</strong></span> <span class='ocrx_word' id='word_1_178' title='bbox 926 1520 1034 1566; x_wconf 81' lang='lat' dir='ltr'><strong>formula.</strong></span> <span class='ocrx_word' id='word_1_179' title='bbox 1069 1520 1122 1566; x_wconf 80' lang='lat' dir='ltr'><strong>i&#39;er.</strong></span> 
     </span>
     <span class='ocr_line' id='line_1_20' title="bbox 184 1580 643 1644; baseline 0.015 -19"><span class='ocrx_word' id='word_1_180' title='bbox 184 1580 246 1626; x_wconf 87' lang='lat' dir='ltr'><strong>Eun.</strong></span> <span class='ocrx_word' id='word_1_181' title='bbox 258 1581 281 1636; x_wconf 78' lang='lat'><strong>2,</strong></span> <span class='ocrx_word' id='word_1_182' title='bbox 293 1581 316 1635; x_wconf 87' lang='grc'><strong>3,</strong></span> <span class='ocrx_word' id='word_1_183' title='bbox 331 1581 370 1634; x_wconf 83' lang='grc'><strong>89,</strong></span> <span class='ocrx_word' id='word_1_184' title='bbox 382 1585 494 1629; x_wconf 76' lang='lat' dir='ltr'><strong>mamilae</strong></span> <span class='ocrx_word' id='word_1_185' title='bbox 503 1599 542 1631; x_wconf 78' lang='lat' dir='ltr'><strong>ree</strong></span> <span class='ocrx_word' id='word_1_186' title='bbox 551 1591 643 1644; x_wconf 83' lang='lat' dir='ltr'><strong>reptent.</strong></span> 
     </span>
    </p>

    <p class='ocr_par' dir='ltr' id='par_1_7' title="bbox 184 1643 1126 2290">
     <span class='ocr_line' id='line_1_21' title="bbox 216 1643 1124 1709; baseline 0.004 -18"><span class='ocrx_word' id='word_1_187' title='bbox 216 1645 320 1692; x_wconf 69' lang='lat' dir='ltr'><strong>tiu-bt.</strong></span> <span class='ocrx_word' id='word_1_188' title='bbox 337 1643 419 1708; x_wconf 84' lang='lat' dir='ltr'><strong>[Pleba</strong></span> <span class='ocrx_word' id='word_1_189' title='bbox 431 1645 490 1709; x_wconf 78' lang='lat' dir='ltr'><strong>cria]</strong></span> <span class='ocrx_word' id='word_1_190' title='bbox 509 1649 695 1707; x_wconf 50' lang='lat' dir='ltr'><strong>‘Contemnerim</strong></span> <span class='ocrx_word' id='word_1_191' title='bbox 712 1648 774 1695; x_wconf 89' lang='lat' dir='ltr'><strong>inter</strong></span> <span class='ocrx_word' id='word_1_192' title='bbox 787 1649 878 1709; x_wconf 80' lang='lat' dir='ltr'><strong>piebem</strong></span> <span class='ocrx_word' id='word_1_193' title='bbox 894 1649 1040 1708; x_wconf 86' lang='lat' dir='ltr'><strong>reputaberia</strong></span> <span class='ocrx_word' id='word_1_194' title='bbox 1057 1647 1124 1695; x_wconf 90' lang='lat' dir='ltr'><strong>etin</strong></span> 
     </span>
     <span class='ocr_line' id='line_1_22' title="bbox 184 1710 1124 1775; baseline 0.006 -21"><span class='ocrx_word' id='word_1_195' title='bbox 184 1719 237 1755; x_wconf 82' lang='lat' dir='ltr'><strong>xiv.</strong></span> <span class='ocrx_word' id='word_1_196' title='bbox 248 1710 368 1756; x_wconf 88' lang='lat' dir='ltr'><strong>ordinibue</strong></span> <span class='ocrx_word' id='word_1_197' title='bbox 379 1726 425 1757; x_wconf 91' lang='lat' dir='ltr'><strong>non</strong></span> <span class='ocrx_word' id='word_1_198' title='bbox 436 1713 543 1760; x_wconf 71' lang='lat' dir='ltr'><strong>redebio!</strong></span> <span class='ocrx_word' id='word_1_199' title='bbox 562 1713 644 1760; x_wconf 81' lang='lat' dir='ltr'><strong>Gomon.</strong></span> <span class='ocrx_word' id='word_1_200' title='bbox 658 1714 698 1760; x_wconf 79' lang='lat' dir='ltr'><strong>Gr.</strong></span> <span class='ocrx_word' id='word_1_201' title='bbox 708 1737 741 1748; x_wconf 90' lang='lat'><strong>-—</strong></span> <span class='ocrx_word' id='word_1_202' title='bbox 752 1711 834 1775; x_wconf 78' lang='lat' dir='ltr'><strong>[paeri</strong></span> <span class='ocrx_word' id='word_1_203' title='bbox 850 1711 964 1775; x_wconf 76' lang='lat' dir='ltr'><strong>ludentes]</strong></span> <span class='ocrx_word' id='word_1_204' title='bbox 986 1713 1072 1760; x_wconf 88' lang='lat' dir='ltr'><strong>‘Pueri</strong></span> <span class='ocrx_word' id='word_1_205' title='bbox 1084 1713 1124 1760; x_wconf 91' lang='lat' dir='ltr'><strong>nbl</strong></span> 
     </span>
     <span class='ocr_line' id='line_1_23' title="bbox 184 1773 1125 1840; baseline 0.004 -20"><span class='ocrx_word' id='word_1_206' title='bbox 184 1773 246 1820; x_wconf 89' lang='lat' dir='ltr'><strong>inter</strong></span> <span class='ocrx_word' id='word_1_207' title='bbox 255 1788 280 1820; x_wconf 84' lang='lat' dir='ltr'><strong>ee</strong></span> <span class='ocrx_word' id='word_1_208' title='bbox 291 1774 383 1829; x_wconf 86' lang='lat' dir='ltr'><strong>ludunt,</strong></span> <span class='ocrx_word' id='word_1_209' title='bbox 393 1776 433 1835; x_wconf 91' lang='lat' dir='ltr'><strong>qui</strong></span> <span class='ocrx_word' id='word_1_210' title='bbox 445 1778 545 1837; x_wconf 87' lang='lat' dir='ltr'><strong>plurium</strong></span> <span class='ocrx_word' id='word_1_211' title='bbox 556 1779 592 1824; x_wconf 87' lang='lat' dir='ltr'><strong>rel</strong></span> <span class='ocrx_word' id='word_1_212' title='bbox 600 1779 705 1825; x_wconf 90' lang='lat' dir='ltr'><strong>omnium</strong></span> <span class='ocrx_word' id='word_1_213' title='bbox 712 1779 802 1840; x_wconf 73' lang='lat' dir='ltr'><strong>jndicio</strong></span> <span class='ocrx_word' id='word_1_214' title='bbox 810 1779 871 1825; x_wconf 91' lang='lat' dir='ltr'><strong>inter</strong></span> <span class='ocrx_word' id='word_1_215' title='bbox 879 1792 959 1825; x_wconf 73' lang='lat' dir='ltr'><strong>omnen</strong></span> <span class='ocrx_word' id='word_1_216' title='bbox 968 1779 1125 1824; x_wconf 86' lang='lat' dir='ltr'><strong>dexterrimua</strong></span> 
     </span>
     <span class='ocr_line' id='line_1_24' title="bbox 184 1839 1125 1904; baseline 0.006 -20"><span class='ocrx_word' id='word_1_217' title='bbox 184 1845 227 1893; x_wconf 85' lang='lat' dir='ltr'><strong>ent,</strong></span> <span class='ocrx_word' id='word_1_218' title='bbox 239 1852 280 1884; x_wconf 90' lang='lat' dir='ltr'><strong>rex</strong></span> <span class='ocrx_word' id='word_1_219' title='bbox 291 1839 459 1887; x_wconf 69' lang='lat' dir='ltr'><strong>declarabitur!</strong></span> <span class='ocrx_word' id='word_1_220' title='bbox 466 1865 499 1876; x_wconf 92' lang='lat'><strong>·-</strong></span> <span class='ocrx_word' id='word_1_221' title='bbox 508 1839 547 1904; x_wconf 88' lang='lat' dir='ltr'><strong>[Si</strong></span> <span class='ocrx_word' id='word_1_222' title='bbox 556 1840 708 1904; x_wconf 81' lang='lat' dir='ltr'><strong>rectesaoier]</strong></span> <span class='ocrx_word' id='word_1_223' title='bbox 719 1842 789 1890; x_wconf 86' lang='lat' dir='ltr'><strong>Pueri</strong></span> <span class='ocrx_word' id='word_1_224' title='bbox 798 1843 831 1888; x_wconf 89' lang='lat' dir='ltr'><strong>alc</strong></span> <span class='ocrx_word' id='word_1_225' title='bbox 841 1843 988 1901; x_wconf 78' lang='lat' dir='ltr'><strong>intelligunt:</strong></span> <span class='ocrx_word' id='word_1_226' title='bbox 1000 1845 1007 1868; x_wconf 92' lang='lat'>‘</span> <span class='ocrx_word' id='word_1_227' title='bbox 1018 1843 1044 1889; x_wconf 85' lang='lat' dir='ltr'><strong>si</strong></span> <span class='ocrx_word' id='word_1_228' title='bbox 1054 1843 1125 1890; x_wconf 79' lang='lat' dir='ltr'><strong>tacte·</strong></span> 
     </span>
     <span class='ocr_line' id='line_1_25' title="bbox 185 1901 1125 1968; baseline 0.005 -20"><span class='ocrx_word' id='word_1_229' title='bbox 185 1901 272 1962; x_wconf 89' lang='lat' dir='ltr'><strong>optimc</strong></span> <span class='ocrx_word' id='word_1_230' title='bbox 289 1903 350 1950; x_wconf 90' lang='lat' dir='ltr'><strong>inter</strong></span> <span class='ocrx_word' id='word_1_231' title='bbox 366 1919 454 1960; x_wconf 82' lang='lat' dir='ltr'><strong>omnen,</strong></span> <span class='ocrx_word' id='word_1_232' title='bbox 470 1920 523 1965; x_wconf 79' lang='lat' dir='ltr'><strong>quae</strong></span> <span class='ocrx_word' id='word_1_233' title='bbox 537 1908 587 1954; x_wconf 90' lang='lat' dir='ltr'><strong>ludi</strong></span> <span class='ocrx_word' id='word_1_234' title='bbox 600 1908 638 1954; x_wconf 91' lang='lat' dir='ltr'><strong>lex</strong></span> <span class='ocrx_word' id='word_1_235' title='bbox 654 1908 743 1968; x_wconf 70' lang='lat' dir='ltr'><strong>poscit!</strong></span> <span class='ocrx_word' id='word_1_236' title='bbox 778 1909 829 1954; x_wconf 85' lang='lat' dir='ltr'><strong>Hac</strong></span> <span class='ocrx_word' id='word_1_237' title='bbox 840 1915 918 1954; x_wconf 87' lang='lat' dir='ltr'><strong>autern</strong></span> <span class='ocrx_word' id='word_1_238' title='bbox 930 1921 984 1953; x_wconf 84' lang='lat' dir='ltr'><strong>voce</strong></span> <span class='ocrx_word' id='word_1_239' title='bbox 995 1909 1061 1954; x_wconf 86' lang='lat' dir='ltr'><strong>reiut</strong></span> <span class='ocrx_word' id='word_1_240' title='bbox 1071 1923 1125 1968; x_wconf 88' lang='lat' dir='ltr'><strong>per·</strong></span> 
     </span>
     <span class='ocr_line' id='line_1_26' title="bbox 184 1965 1125 2032; baseline 0.006 -20"><span class='ocrx_word' id='word_1_241' title='bbox 184 1967 263 2013; x_wconf 89' lang='lat' dir='ltr'><strong>culaua</strong></span> <span class='ocrx_word' id='word_1_242' title='bbox 281 1965 425 2025; x_wconf 74' lang='grc' dir='ltr'><strong><em>παθητικῶς</em></strong></span> <span class='ocrx_word' id='word_1_243' title='bbox 442 1971 558 2018; x_wconf 80' lang='lat' dir='ltr'><strong>exclamat</strong></span> <span class='ocrx_word' id='word_1_244' title='bbox 576 1982 657 2032; x_wconf 89' lang='lat' dir='ltr'><strong>poeta:</strong></span> <span class='ocrx_word' id='word_1_245' title='bbox 676 1973 777 2019; x_wconf 87' lang='lat' dir='ltr'><strong>‘Nonne</strong></span> <span class='ocrx_word' id='word_1_246' title='bbox 792 1972 842 2019; x_wconf 74' lang='lat' dir='ltr'><strong>bec</strong></span> <span class='ocrx_word' id='word_1_247' title='bbox 859 1975 929 2018; x_wconf 85' lang='lat' dir='ltr'><strong>rerba</strong></span> <span class='ocrx_word' id='word_1_248' title='bbox 944 1972 1125 2018; x_wconf 85' lang='lat' dir='ltr'><strong>reconditiorem</strong></span> 
     </span>
     <span class='ocr_line' id='line_1_27' title="bbox 185 2031 1125 2097; baseline 0.006 -19"><span class='ocrx_word' id='word_1_249' title='bbox 185 2031 257 2078; x_wconf 82' lang='lat' dir='ltr'><strong>etiam</strong></span> <span class='ocrx_word' id='word_1_250' title='bbox 267 2032 355 2079; x_wconf 89' lang='lat' dir='ltr'><strong>babent</strong></span> <span class='ocrx_word' id='word_1_251' title='bbox 364 2047 465 2090; x_wconf 85' lang='lat' dir='ltr'><strong>aeneum,</strong></span> <span class='ocrx_word' id='word_1_252' title='bbox 479 2035 519 2080; x_wconf 90' lang='lat' dir='ltr'><strong>ubi</strong></span> <span class='ocrx_word' id='word_1_253' title='bbox 533 2037 615 2082; x_wconf 87' lang='lat' dir='ltr'><strong>eadem</strong></span> <span class='ocrx_word' id='word_1_254' title='bbox 630 2038 660 2083; x_wconf 83' lang='lat' dir='ltr'><strong>ati</strong></span> <span class='ocrx_word' id='word_1_255' title='bbox 677 2044 749 2083; x_wconf 90' lang='lat' dir='ltr'><strong>totam</strong></span> <span class='ocrx_word' id='word_1_256' title='bbox 766 2036 887 2083; x_wconf 90' lang='lat' dir='ltr'><strong>bominum</strong></span> <span class='ocrx_word' id='word_1_257' title='bbox 900 2037 971 2083; x_wconf 83' lang='lat' dir='ltr'><strong>vitam</strong></span> <span class='ocrx_word' id='word_1_258' title='bbox 983 2037 1125 2097; x_wconf 76' lang='lat' dir='ltr'><strong>applicatio!</strong></span> 
     </span>
     <span class='ocr_line' id='line_1_28' title="bbox 187 2096 1126 2167; baseline 0.005 -24"><span class='ocrx_word' id='word_1_259' title='bbox 187 2097 222 2144; x_wconf 84' lang='lat' dir='ltr'><strong>Ac</strong></span> <span class='ocrx_word' id='word_1_260' title='bbox 239 2096 340 2156; x_wconf 87' lang='lat' dir='ltr'><strong>prolecto</strong></span> <span class='ocrx_word' id='word_1_261' title='bbox 355 2097 399 2144; x_wconf 85' lang='lat' dir='ltr'><strong>hoc</strong></span> <span class='ocrx_word' id='word_1_262' title='bbox 415 2098 478 2145; x_wconf 90' lang='lat' dir='ltr'><strong>idem</strong></span> <span class='ocrx_word' id='word_1_263' title='bbox 494 2108 556 2146; x_wconf 89' lang='lat' dir='ltr'><strong>recte</strong></span> <span class='ocrx_word' id='word_1_264' title='bbox 572 2101 647 2148; x_wconf 84' lang='lat' dir='ltr'><strong>lacere</strong></span> <span class='ocrx_word' id='word_1_265' title='bbox 664 2099 817 2167; x_wconf 74' lang='grc' dir='ltr'>(κατορθοῦν</span> <span class='ocrx_word' id='word_1_266' title='bbox 833 2099 974 2161; x_wconf 85' lang='lat' dir='ltr'><strong>Stoicorum)</strong></span> <span class='ocrx_word' id='word_1_267' title='bbox 990 2103 1126 2161; x_wconf 84' lang='lat' dir='ltr'><strong>nulliueqnc</strong></span> 
     </span>
     <span class='ocr_line' id='line_1_29' title="bbox 185 2161 1126 2227; baseline 0.005 -20"><span class='ocrx_word' id='word_1_268' title='bbox 185 2161 267 2221; x_wconf 77' lang='lat' dir='ltr'><strong>flagitii</strong></span> <span class='ocrx_word' id='word_1_269' title='bbox 278 2162 322 2209; x_wconf 89' lang='lat' dir='ltr'><strong>eibi</strong></span> <span class='ocrx_word' id='word_1_270' title='bbox 333 2163 451 2210; x_wconf 89' lang='lat' dir='ltr'><strong>conacium</strong></span> <span class='ocrx_word' id='word_1_271' title='bbox 462 2178 520 2221; x_wconf 83' lang='lat' dir='ltr'><strong>cate,</strong></span> <span class='ocrx_word' id='word_1_272' title='bbox 531 2173 566 2211; x_wconf 89' lang='lat' dir='ltr'><strong>eet</strong></span> <span class='ocrx_word' id='word_1_273' title='bbox 576 2165 635 2211; x_wconf 91' lang='lat' dir='ltr'><strong>iliud</strong></span> <span class='ocrx_word' id='word_1_274' title='bbox 646 2167 710 2212; x_wconf 85' lang='lat' dir='ltr'><strong>velut</strong></span> <span class='ocrx_word' id='word_1_275' title='bbox 720 2166 901 2227; x_wconf 78' lang='lat' dir='ltr'><strong>inexpugnabile</strong></span> <span class='ocrx_word' id='word_1_276' title='bbox 915 2167 1126 2226; x_wconf 72' lang='lat' dir='ltr'><strong>propugnaculum,</strong></span> 
     </span>
     <span class='ocr_line' id='line_1_30' title="bbox 186 2227 869 2290; baseline 0.004 -17"><span class='ocrx_word' id='word_1_277' title='bbox 186 2227 250 2286; x_wconf 85' lang='lat' dir='ltr'><strong>quod</strong></span> <span class='ocrx_word' id='word_1_278' title='bbox 261 2242 302 2274; x_wconf 89' lang='lat' dir='ltr'><strong>noe</strong></span> <span class='ocrx_word' id='word_1_279' title='bbox 313 2241 407 2290; x_wconf 87' lang='lat' dir='ltr'><strong>proraue</strong></span> <span class='ocrx_word' id='word_1_280' title='bbox 417 2243 509 2276; x_wconf 88' lang='lat' dir='ltr'><strong>aecuroa</strong></span> <span class='ocrx_word' id='word_1_281' title='bbox 520 2238 544 2276; x_wconf 90' lang='lat' dir='ltr'><strong>et</strong></span> <span class='ocrx_word' id='word_1_282' title='bbox 554 2238 677 2290; x_wconf 89' lang='lat' dir='ltr'><strong>propterea</strong></span> <span class='ocrx_word' id='word_1_283' title='bbox 688 2234 767 2278; x_wconf 83' lang='lat' dir='ltr'><strong>beator</strong></span> <span class='ocrx_word' id='word_1_284' title='bbox 778 2231 869 2278; x_wconf 72' lang='lat' dir='ltr'><strong>reddit!</strong></span> 
     </span>
    </p>

    <p class='ocr_par' dir='ltr' id='par_1_8' title="bbox 185 2289 1128 3254">
     <span class='ocr_line' id='line_1_31' title="bbox 218 2289 1127 2355; baseline 0.006 -18"><span class='ocrx_word' id='word_1_285' title='bbox 218 2290 321 2346; x_wconf 86' lang='grc'><strong>67-66.</strong></span> <span class='ocrx_word' id='word_1_286' title='bbox 338 2289 440 2354; x_wconf 76' lang='lat' dir='ltr'><strong>[Nerio]</strong></span> <span class='ocrx_word' id='word_1_287' title='bbox 461 2308 495 2354; x_wconf 90' lang='lat' dir='ltr'><strong>pr.</strong></span> <span class='ocrx_word' id='word_1_288' title='bbox 515 2296 622 2341; x_wconf 88' lang='lat' dir='ltr'><strong>‘carmen</strong></span> <span class='ocrx_word' id='word_1_289' title='bbox 640 2295 737 2342; x_wconf 81' lang='lat' dir='ltr'><strong>funebre</strong></span> <span class='ocrx_word' id='word_1_290' title='bbox 755 2294 915 2355; x_wconf 80' lang='lat' dir='ltr'><strong>praebcarnm,’</strong></span> <span class='ocrx_word' id='word_1_291' title='bbox 930 2294 1017 2340; x_wconf 82' lang='lat' dir='ltr'><strong>deinde</strong></span> <span class='ocrx_word' id='word_1_292' title='bbox 1035 2294 1127 2342; x_wconf 85' lang='lat' dir='ltr'><strong>‘omnia</strong></span> 
     </span>
     <span class='ocr_line' id='line_1_32' title="bbox 186 2354 1127 2419; baseline 0.005 -18"><span class='ocrx_word' id='word_1_293' title='bbox 186 2354 302 2404; x_wconf 84' lang='lat' dir='ltr'><strong>cantilena</strong></span> <span class='ocrx_word' id='word_1_294' title='bbox 316 2358 444 2418; x_wconf 85' lang='lat' dir='ltr'><strong>popularia’</strong></span> <span class='ocrx_word' id='word_1_295' title='bbox 457 2356 513 2419; x_wconf 89' lang='lat' dir='ltr'>(Od.</span> <span class='ocrx_word' id='word_1_296' title='bbox 527 2359 551 2414; x_wconf 91' lang='grc'><strong>3,</strong></span> <span class='ocrx_word' id='word_1_297' title='bbox 563 2359 602 2414; x_wconf 78' lang='grc'><strong>28,</strong></span> <span class='ocrx_word' id='word_1_298' title='bbox 614 2360 653 2414; x_wconf 77' lang='grc'><strong>26,</strong></span> <span class='ocrx_word' id='word_1_299' title='bbox 664 2360 735 2406; x_wconf 86' lang='lat' dir='ltr'><strong>etiam</strong></span> <span class='ocrx_word' id='word_1_300' title='bbox 746 2359 918 2419; x_wconf 81' lang='lat' dir='ltr'><strong>‘nutricum’);</strong></span> <span class='ocrx_word' id='word_1_301' title='bbox 935 2359 959 2404; x_wconf 88' lang='lat' dir='ltr'><strong>b.</strong></span> <span class='ocrx_word' id='word_1_302' title='bbox 972 2360 988 2406; x_wconf 87' lang='lat' dir='ltr'><strong>i.</strong></span> <span class='ocrx_word' id='word_1_303' title='bbox 999 2373 1127 2419; x_wconf 87' lang='lat' dir='ltr'><strong>puerorum</strong></span> 
     </span>
     <span class='ocr_line' id='line_1_33' title="bbox 187 2419 1125 2484; baseline 0.006 -20"><span class='ocrx_word' id='word_1_304' title='bbox 187 2419 253 2476; x_wconf 88' lang='lat' dir='ltr'><strong>iliud,</strong></span> <span class='ocrx_word' id='word_1_305' title='bbox 270 2421 320 2468; x_wconf 81' lang='lat' dir='ltr'><strong>lire</strong></span> <span class='ocrx_word' id='word_1_306' title='bbox 336 2424 389 2480; x_wconf 83' lang='lat' dir='ltr'><strong>arie,</strong></span> <span class='ocrx_word' id='word_1_307' title='bbox 409 2423 604 2470; x_wconf 78' lang='lat' dir='ltr'><strong>bro-‘Eadem</strong></span> <span class='ocrx_word' id='word_1_308' title='bbox 625 2424 743 2484; x_wconf 86' lang='lat' dir='ltr'><strong>proiecto,&#39;</strong></span> <span class='ocrx_word' id='word_1_309' title='bbox 764 2424 848 2484; x_wconf 72' lang='lat' dir='ltr'><strong>pergit,</strong></span> <span class='ocrx_word' id='word_1_310' title='bbox 869 2430 934 2470; x_wconf 86' lang='lat' dir='ltr'><strong>‘erat</strong></span> <span class='ocrx_word' id='word_1_311' title='bbox 954 2424 1073 2470; x_wconf 73' lang='lat' dir='ltr'><strong>cententio</strong></span> <span class='ocrx_word' id='word_1_312' title='bbox 1092 2424 1125 2470; x_wconf 85' lang='lat' dir='ltr'><strong>it.</strong></span> 
     </span>
     <span class='ocr_line' id='line_1_34' title="bbox 187 2484 1126 2548; baseline 0.006 -20"><span class='ocrx_word' id='word_1_313' title='bbox 187 2484 253 2529; x_wconf 81' lang='lat' dir='ltr'><strong>Curii</strong></span> <span class='ocrx_word' id='word_1_314' title='bbox 265 2486 368 2539; x_wconf 89' lang='lat' dir='ltr'><strong>Dentati,</strong></span> <span class='ocrx_word' id='word_1_315' title='bbox 380 2487 420 2546; x_wconf 89' lang='lat' dir='ltr'><strong>qui</strong></span> <span class='ocrx_word' id='word_1_316' title='bbox 438 2487 535 2534; x_wconf 87' lang='lat' dir='ltr'><strong>Sabinoa</strong></span> <span class='ocrx_word' id='word_1_317' title='bbox 551 2496 575 2534; x_wconf 90' lang='lat' dir='ltr'><strong>et</strong></span> <span class='ocrx_word' id='word_1_318' title='bbox 589 2489 706 2548; x_wconf 87' lang='lat' dir='ltr'><strong>Pyrrhum</strong></span> <span class='ocrx_word' id='word_1_319' title='bbox 717 2488 809 2544; x_wconf 77' lang='lat' dir='ltr'><strong>devicit,</strong></span> <span class='ocrx_word' id='word_1_320' title='bbox 826 2490 860 2536; x_wconf 83' lang='lat' dir='ltr'><strong>bt.</strong></span> <span class='ocrx_word' id='word_1_321' title='bbox 872 2488 937 2535; x_wconf 84' lang='lat' dir='ltr'><strong>Furii</strong></span> <span class='ocrx_word' id='word_1_322' title='bbox 952 2489 1054 2543; x_wconf 79' lang='lat' dir='ltr'><strong>Camilli,</strong></span> <span class='ocrx_word' id='word_1_323' title='bbox 1069 2489 1126 2534; x_wconf 85' lang='lat' dir='ltr'><strong>Gai·</strong></span> 
     </span>
     <span class='ocr_line' id='line_1_35' title="bbox 185 2548 1126 2613; baseline 0.004 -19"><span class='ocrx_word' id='word_1_324' title='bbox 185 2548 262 2594; x_wconf 88' lang='lat' dir='ltr'><strong>lorum</strong></span> <span class='ocrx_word' id='word_1_325' title='bbox 279 2549 379 2605; x_wconf 82' lang='lat' dir='ltr'><strong>victoria,</strong></span> <span class='ocrx_word' id='word_1_326' title='bbox 399 2552 494 2599; x_wconf 86' lang='lat' dir='ltr'><strong>niteriua</strong></span> <span class='ocrx_word' id='word_1_327' title='bbox 511 2553 614 2608; x_wconf 81' lang='lat' dir='ltr'><strong>Romuli,</strong></span> <span class='ocrx_word' id='word_1_328' title='bbox 632 2553 777 2613; x_wconf 88' lang='lat' dir='ltr'><strong>aliorumque</strong></span> <span class='ocrx_word' id='word_1_329' title='bbox 791 2553 942 2613; x_wconf 88' lang='lat' dir='ltr'><strong>antiquorum</strong></span> <span class='ocrx_word' id='word_1_330' title='bbox 959 2553 1044 2600; x_wconf 86' lang='lat' dir='ltr'><strong>borum</strong></span> <span class='ocrx_word' id='word_1_331' title='bbox 1060 2553 1126 2599; x_wconf 82' lang='lat' dir='ltr'><strong>simi·</strong></span> 
     </span>
     <span class='ocr_line' id='line_1_36' title="bbox 186 2611 1127 2673; baseline 0.006 -16"><span class='ocrx_word' id='word_1_332' title='bbox 186 2611 259 2666; x_wconf 82' lang='lat' dir='ltr'><strong>iinm;</strong></span> <span class='ocrx_word' id='word_1_333' title='bbox 275 2612 383 2660; x_wconf 76' lang='lat' dir='ltr'><strong>bannitae</strong></span> <span class='ocrx_word' id='word_1_334' title='bbox 400 2618 482 2662; x_wconf 68' lang='lat' dir='ltr'><strong>norma</strong></span> <span class='ocrx_word' id='word_1_335' title='bbox 498 2619 630 2672; x_wconf 82' lang='lat' dir='ltr'><strong>utebantur,</strong></span> <span class='ocrx_word' id='word_1_336' title='bbox 646 2628 674 2664; x_wconf 89' lang='lat' dir='ltr'><strong>ut</strong></span> <span class='ocrx_word' id='word_1_337' title='bbox 684 2618 757 2664; x_wconf 85' lang='lat' dir='ltr'><strong>virtue</strong></span> <span class='ocrx_word' id='word_1_338' title='bbox 773 2618 856 2664; x_wconf 91' lang='lat' dir='ltr'><strong>bonori</strong></span> <span class='ocrx_word' id='word_1_339' title='bbox 873 2627 941 2673; x_wconf 72' lang='lat' dir='ltr'><strong>earet,</strong></span> <span class='ocrx_word' id='word_1_340' title='bbox 958 2632 1005 2663; x_wconf 91' lang='lat' dir='ltr'><strong>non</strong></span> <span class='ocrx_word' id='word_1_341' title='bbox 1023 2616 1127 2663; x_wconf 66' lang='lat' dir='ltr'><strong>divitie!</strong></span> 
     </span>
     <span class='ocr_line' id='line_1_37' title="bbox 186 2672 1127 2743; baseline 0.004 -19"><span class='ocrx_word' id='word_1_342' title='bbox 186 2672 372 2740; x_wconf 81' lang='lat' dir='ltr'><strong>-[tieccntnto]</strong></span> <span class='ocrx_word' id='word_1_343' title='bbox 391 2680 513 2726; x_wconf 84' lang='lat' dir='ltr'><strong>Permanet</strong></span> <span class='ocrx_word' id='word_1_344' title='bbox 523 2682 548 2727; x_wconf 91' lang='lat' dir='ltr'><strong>in</strong></span> <span class='ocrx_word' id='word_1_345' title='bbox 564 2682 640 2728; x_wconf 76' lang='lat' dir='ltr'><strong>neniae</strong></span> <span class='ocrx_word' id='word_1_346' title='bbox 651 2683 768 2741; x_wconf 72' lang='lat' dir='ltr'><strong>imagine:</strong></span> <span class='ocrx_word' id='word_1_347' title='bbox 785 2683 845 2729; x_wconf 89' lang='lat' dir='ltr'><strong>‘hoc</strong></span> <span class='ocrx_word' id='word_1_348' title='bbox 860 2690 992 2743; x_wconf 79' lang='lat' dir='ltr'><strong>temperet</strong></span> <span class='ocrx_word' id='word_1_349' title='bbox 1007 2682 1033 2727; x_wconf 92' lang='lat' dir='ltr'><strong>in</strong></span> <span class='ocrx_word' id='word_1_350' title='bbox 1047 2683 1127 2729; x_wconf 87' lang='lat' dir='ltr'><strong>animo</strong></span> 
     </span>
     <span class='ocr_line' id='line_1_38' title="bbox 187 2740 1127 2808; baseline 0.007 -23"><span class='ocrx_word' id='word_1_351' title='bbox 187 2747 212 2786; x_wconf 90' lang='lat' dir='ltr'><strong>et</strong></span> <span class='ocrx_word' id='word_1_352' title='bbox 231 2740 255 2786; x_wconf 90' lang='lat' dir='ltr'><strong>in</strong></span> <span class='ocrx_word' id='word_1_353' title='bbox 278 2756 319 2789; x_wconf 90' lang='lat' dir='ltr'><strong>ore</strong></span> <span class='ocrx_word' id='word_1_354' title='bbox 339 2744 472 2791; x_wconf 65' lang='lat' dir='ltr'><strong>habebant!</strong></span> <span class='ocrx_word' id='word_1_355' title='bbox 482 2743 563 2808; x_wconf 84' lang='lat' dir='ltr'><strong>-[ut</strong></span> <span class='ocrx_word' id='word_1_356' title='bbox 576 2745 684 2808; x_wconf 79' lang='lat' dir='ltr'><strong>propior]</strong></span> <span class='ocrx_word' id='word_1_357' title='bbox 702 2749 764 2806; x_wconf 89' lang='lat' dir='ltr'><strong>‘quo</strong></span> <span class='ocrx_word' id='word_1_358' title='bbox 780 2755 871 2794; x_wconf 89' lang='lat' dir='ltr'><strong>tantum</strong></span> <span class='ocrx_word' id='word_1_359' title='bbox 888 2747 982 2802; x_wconf 75' lang='lat' dir='ltr'><strong>babere,</strong></span> <span class='ocrx_word' id='word_1_360' title='bbox 998 2755 1026 2793; x_wconf 88' lang='lat' dir='ltr'><strong>ut</strong></span> <span class='ocrx_word' id='word_1_361' title='bbox 1044 2761 1058 2794; x_wconf 87' lang='lat' dir='ltr'><strong>e</strong></span> <span class='ocrx_word' id='word_1_362' title='bbox 1075 2759 1127 2792; x_wconf 77' lang='grc' dir='ltr'><strong>ιιι.</strong></span> 
     </span>
     <span class='ocr_line' id='line_1_39' title="bbox 186 2804 1127 2869; baseline 0.009 -20"><span class='ocrx_word' id='word_1_363' title='bbox 186 2804 307 2853; x_wconf 81' lang='lat' dir='ltr'><strong>ordinibua</strong></span> <span class='ocrx_word' id='word_1_364' title='bbox 323 2807 384 2854; x_wconf 89' lang='lat' dir='ltr'><strong>inter</strong></span> <span class='ocrx_word' id='word_1_365' title='bbox 400 2809 498 2869; x_wconf 83' lang='lat' dir='ltr'><strong>equitet,</strong></span> <span class='ocrx_word' id='word_1_366' title='bbox 514 2811 633 2857; x_wconf 76' lang='lat' dir='ltr'><strong>ueletiam</strong></span> <span class='ocrx_word' id='word_1_367' title='bbox 648 2812 673 2857; x_wconf 91' lang='lat' dir='ltr'><strong>in</strong></span> <span class='ocrx_word' id='word_1_368' title='bbox 690 2813 808 2858; x_wconf 79' lang='lat' dir='ltr'><strong>orcneena</strong></span> <span class='ocrx_word' id='word_1_369' title='bbox 822 2812 883 2857; x_wconf 90' lang='lat' dir='ltr'><strong>inter</strong></span> <span class='ocrx_word' id='word_1_370' title='bbox 895 2822 1021 2867; x_wconf 88' lang='lat' dir='ltr'><strong>aenatorea,</strong></span> <span class='ocrx_word' id='word_1_371' title='bbox 1038 2811 1127 2857; x_wconf 80' lang='lat' dir='ltr'><strong>fabulae</strong></span> 
     </span>
     <span class='ocr_line' id='line_1_40' title="bbox 187 2869 1126 2939; baseline 0.007 -25"><span class='ocrx_word' id='word_1_372' title='bbox 187 2871 328 2929; x_wconf 87' lang='lat' dir='ltr'><strong>apectea.’-</strong></span> <span class='ocrx_word' id='word_1_373' title='bbox 335 2869 475 2935; x_wconf 79' lang='lat' dir='ltr'><strong>[quocunque</strong></span> <span class='ocrx_word' id='word_1_374' title='bbox 482 2872 557 2936; x_wconf 79' lang='lat' dir='ltr'><strong>modo]</strong></span> <span class='ocrx_word' id='word_1_375' title='bbox 570 2873 603 2932; x_wconf 83' lang='grc' dir='ltr'><strong>ὡς</strong></span> <span class='ocrx_word' id='word_1_376' title='bbox 614 2872 642 2923; x_wconf 74' lang='grc' dir='ltr'><strong>ἐν</strong></span> <span class='ocrx_word' id='word_1_377' title='bbox 650 2872 752 2939; x_wconf 71' lang='grc' dir='ltr'>παρόδῳ</span> <span class='ocrx_word' id='word_1_378' title='bbox 762 2876 823 2922; x_wconf 87' lang='lat' dir='ltr'><strong>ridet</strong></span> <span class='ocrx_word' id='word_1_379' title='bbox 832 2877 899 2936; x_wconf 87' lang='lat' dir='ltr'><strong>Pupil</strong></span> <span class='ocrx_word' id='word_1_380' title='bbox 908 2876 1034 2935; x_wconf 75' lang='lat' dir='ltr'><strong>tragoetiiaa</strong></span> <span class='ocrx_word' id='word_1_381' title='bbox 1041 2875 1126 2932; x_wconf 81' lang='lat' dir='ltr'><strong>iutiiea,</strong></span> 
     </span>
     <span class='ocr_line' id='line_1_41' title="bbox 187 2934 1127 3000; baseline 0.009 -22"><span class='ocrx_word' id='word_1_382' title='bbox 187 2934 272 2993; x_wconf 86' lang='lat' dir='ltr'><strong>quibua</strong></span> <span class='ocrx_word' id='word_1_383' title='bbox 289 2935 328 2981; x_wconf 92' lang='lat' dir='ltr'><strong>ille</strong></span> <span class='ocrx_word' id='word_1_384' title='bbox 345 2951 370 2984; x_wconf 83' lang='lat' dir='ltr'><strong>ae</strong></span> <span class='ocrx_word' id='word_1_385' title='bbox 388 2947 542 2998; x_wconf 87' lang='lat' dir='ltr'><strong>epectatorum</strong></span> <span class='ocrx_word' id='word_1_386' title='bbox 562 2941 658 2987; x_wconf 75' lang='lat' dir='ltr'><strong>affectus</strong></span> <span class='ocrx_word' id='word_1_387' title='bbox 676 2941 775 2987; x_wconf 80' lang='lat' dir='ltr'><strong>moriaee</strong></span> <span class='ocrx_word' id='word_1_388' title='bbox 790 2941 828 2988; x_wconf 81' lang='lat' dir='ltr'><strong>rel</strong></span> <span class='ocrx_word' id='word_1_389' title='bbox 846 2943 943 3000; x_wconf 85' lang='lat' dir='ltr'><strong>putabat</strong></span> <span class='ocrx_word' id='word_1_390' title='bbox 958 2942 1127 2996; x_wconf 85' lang='lat' dir='ltr'><strong>tantummodo,</strong></span> 
     </span>
     <span class='ocr_line' id='line_1_42' title="bbox 188 2999 1127 3065; baseline 0.007 -22"><span class='ocrx_word' id='word_1_391' title='bbox 188 2999 224 3045; x_wconf 81' lang='lat' dir='ltr'><strong>rei</strong></span> <span class='ocrx_word' id='word_1_392' title='bbox 247 3013 327 3060; x_wconf 88' lang='lat' dir='ltr'><strong>reapac</strong></span> <span class='ocrx_word' id='word_1_393' title='bbox 348 3001 481 3062; x_wconf 89' lang='lat' dir='ltr'><strong>imperitum</strong></span> <span class='ocrx_word' id='word_1_394' title='bbox 506 3005 625 3065; x_wconf 88' lang='lat' dir='ltr'><strong>popellum</strong></span> <span class='ocrx_word' id='word_1_395' title='bbox 645 3005 691 3053; x_wconf 86' lang='lat' dir='ltr'><strong>eibi</strong></span> <span class='ocrx_word' id='word_1_396' title='bbox 713 3006 791 3051; x_wconf 87' lang='lat' dir='ltr'><strong>aliiere</strong></span> <span class='ocrx_word' id='word_1_397' title='bbox 811 3013 924 3064; x_wconf 71' lang='lat' dir='ltr'><strong>coegerat.</strong></span> <span class='ocrx_word' id='word_1_398' title='bbox 964 3005 1025 3054; x_wconf 78' lang='lat' dir='ltr'><strong>Quia</strong></span> <span class='ocrx_word' id='word_1_399' title='bbox 1049 3003 1127 3061; x_wconf 81' lang='lat' dir='ltr'><strong>fuerit,</strong></span> 
     </span>
     <span class='ocr_line' id='line_1_43' title="bbox 187 3065 1128 3130; baseline 0.007 -21"><span class='ocrx_word' id='word_1_400' title='bbox 187 3065 282 3124; x_wconf 81' lang='lat' dir='ltr'><strong>quando</strong></span> <span class='ocrx_word' id='word_1_401' title='bbox 300 3065 390 3121; x_wconf 83' lang='lat' dir='ltr'><strong>vixerit,</strong></span> <span class='ocrx_word' id='word_1_402' title='bbox 404 3067 550 3126; x_wconf 72' lang='lat' dir='ltr'><strong>ignoramus,</strong></span> <span class='ocrx_word' id='word_1_403' title='bbox 575 3069 620 3116; x_wconf 79' lang='lat' dir='ltr'><strong>nisi</strong></span> <span class='ocrx_word' id='word_1_404' title='bbox 639 3071 702 3130; x_wconf 77' lang='lat' dir='ltr'><strong>quoti</strong></span> <span class='ocrx_word' id='word_1_405' title='bbox 718 3069 810 3115; x_wconf 82' lang='lat' dir='ltr'><strong>videtur</strong></span> <span class='ocrx_word' id='word_1_406' title='bbox 829 3069 919 3116; x_wconf 84' lang='lat' dir='ltr'><strong>Horatii</strong></span> <span class='ocrx_word' id='word_1_407' title='bbox 936 3070 1033 3128; x_wconf 82' lang='lat' dir='ltr'><strong>aequalia</strong></span> <span class='ocrx_word' id='word_1_408' title='bbox 1050 3070 1128 3117; x_wconf 57' lang='lat' dir='ltr'><strong>iniaae,</strong></span> 
     </span>
     <span class='ocr_line' id='line_1_44' title="bbox 187 3126 1128 3254; baseline 0.006 -78"><span class='ocrx_word' id='word_1_409' title='bbox 187 3126 371 3254; x_wconf 51' lang='lat' dir='ltr'><strong>-Jocrimoed</strong></span> <span class='ocrx_word' id='word_1_410' title='bbox 389 3127 513 3193; x_wconf 75' lang='grc' dir='ltr'><strong>θρηνώδη,</strong></span> <span class='ocrx_word' id='word_1_411' title='bbox 529 3133 636 3182; x_wconf 88' lang='lat' dir='ltr'><strong>lacrimae</strong></span> <span class='ocrx_word' id='word_1_412' title='bbox 645 3134 779 3192; x_wconf 77' lang='lat' dir='ltr'><strong>excitantia,</strong></span> <span class='ocrx_word' id='word_1_413' title='bbox 796 3141 823 3180; x_wconf 90' lang='lat' dir='ltr'><strong>ut</strong></span> <span class='ocrx_word' id='word_1_414' title='bbox 834 3136 881 3180; x_wconf 82' lang='lat' dir='ltr'><strong>Sat.</strong></span> <span class='ocrx_word' id='word_1_415' title='bbox 894 3135 915 3190; x_wconf 89' lang='lat'><strong>1,</strong></span> <span class='ocrx_word' id='word_1_416' title='bbox 926 3136 950 3190; x_wconf 95' lang='grc'><strong>6,</strong></span> <span class='ocrx_word' id='word_1_417' title='bbox 961 3135 1001 3190; x_wconf 86' lang='grc'><strong>86,</strong></span> <span class='ocrx_word' id='word_1_418' title='bbox 1012 3135 1128 3182; x_wconf 71' lang='lat' dir='ltr'><strong>inerim</strong></span> 
     </span>
     <span class='ocr_line' id='line_1_45' title="bbox 187 3209 295 3241; baseline 0.009 -1"><span class='ocrx_word' id='word_1_419' title='bbox 187 3217 221 3229; x_wconf 89' lang='lat'><em>-</em></span> <span class='ocrx_word' id='word_1_420' title='bbox 239 3209 295 3241; x_wconf 81' lang='lat' dir='ltr'><strong>nmo.</strong></span> 
     </span>
    </p>

    <p class='ocr_par' dir='ltr' id='par_1_9' title="bbox 187 3255 1130 3712">
     <span class='ocr_line' id='line_1_46' title="bbox 221 3255 1127 3324; baseline 0.006 -18"><span class='ocrx_word' id='word_1_421' title='bbox 221 3259 260 3315; x_wconf 90' lang='grc'><strong>61,</strong></span> <span class='ocrx_word' id='word_1_422' title='bbox 270 3259 309 3306; x_wconf 78' lang='lat'><strong>62.</strong></span> <span class='ocrx_word' id='word_1_423' title='bbox 327 3255 481 3320; x_wconf 80' lang='lat' dir='ltr'><strong>[reaponrare]</strong></span> <span class='ocrx_word' id='word_1_424' title='bbox 497 3261 545 3308; x_wconf 80' lang='lat' dir='ltr'><strong>cn.</strong></span> <span class='ocrx_word' id='word_1_425' title='bbox 562 3263 608 3309; x_wconf 86' lang='lat' dir='ltr'><strong>Sat.</strong></span> <span class='ocrx_word' id='word_1_426' title='bbox 619 3264 643 3318; x_wconf 80' lang='lat'><strong>2,</strong></span> <span class='ocrx_word' id='word_1_427' title='bbox 655 3263 679 3319; x_wconf 83' lang='lat'><strong>7,</strong></span> <span class='ocrx_word' id='word_1_428' title='bbox 690 3263 729 3318; x_wconf 89' lang='grc'><strong>86,</strong></span> <span class='ocrx_word' id='word_1_429' title='bbox 744 3278 876 3323; x_wconf 79' lang='lat' dir='ltr'><strong>reepoaoore</strong></span> <span class='ocrx_word' id='word_1_430' title='bbox 890 3265 1053 3324; x_wconf 70' lang='lat' dir='ltr'><strong>cupidinibus</strong></span> <span class='ocrx_word' id='word_1_431' title='bbox 1070 3263 1127 3323; x_wconf 78' lang='lat' dir='ltr'><strong>upi-</strong></span> 
     </span>
     <span class='ocr_line' id='line_1_47' title="bbox 187 3323 1127 3390; baseline 0.007 -21"><span class='ocrx_word' id='word_1_432' title='bbox 187 3325 237 3370; x_wconf 91' lang='lat' dir='ltr'><strong>curi</strong></span> <span class='ocrx_word' id='word_1_433' title='bbox 251 3325 313 3384; x_wconf 90' lang='lat' dir='ltr'><strong>apud</strong></span> <span class='ocrx_word' id='word_1_434' title='bbox 325 3324 392 3382; x_wconf 76' lang='lat' dir='ltr'><strong>Dlug.</strong></span> <span class='ocrx_word' id='word_1_435' title='bbox 405 3325 431 3370; x_wconf 80' lang='lat' dir='ltr'><strong>t..</strong></span> <span class='ocrx_word' id='word_1_436' title='bbox 444 3324 481 3377; x_wconf 87' lang='grc'><strong>16,</strong></span> <span class='ocrx_word' id='word_1_437' title='bbox 493 3325 545 3381; x_wconf 78' lang='lat'><strong>120,</strong></span> <span class='ocrx_word' id='word_1_438' title='bbox 557 3323 753 3375; x_wconf 73' lang='grc' dir='ltr'>ἀντιτάττεσθαι</span> <span class='ocrx_word' id='word_1_439' title='bbox 767 3343 798 3390; x_wconf 83' lang='lat' dir='ltr'><strong>rp</strong></span> <span class='ocrx_word' id='word_1_440' title='bbox 809 3325 888 3390; x_wconf 65' lang='lat' dir='ltr'><strong>Trim-</strong></span> <span class='ocrx_word' id='word_1_441' title='bbox 899 3352 931 3367; x_wconf 66' lang='grc' dir='ltr'><strong>ν·</strong></span> <span class='ocrx_word' id='word_1_442' title='bbox 943 3325 1071 3390; x_wconf 80' lang='lat' dir='ltr'><strong>[raperbae]</strong></span> <span class='ocrx_word' id='word_1_443' title='bbox 1083 3328 1127 3376; x_wconf 81' lang='lat' dir='ltr'><strong>sat</strong></span> 
     </span>
     <span class='ocr_line' id='line_1_48' title="bbox 188 3388 1129 3452; baseline 0.007 -19"><span class='ocrx_word' id='word_1_444' title='bbox 188 3388 309 3445; x_wconf 72' lang='lat' dir='ltr'><strong>Catil-5³,</strong></span> <span class='ocrx_word' id='word_1_445' title='bbox 323 3389 428 3450; x_wconf 83' lang='lat' dir='ltr'><strong>populum</strong></span> <span class='ocrx_word' id='word_1_446' title='bbox 444 3389 568 3436; x_wconf 67' lang='lat' dir='ltr'><strong>&amp;manum</strong></span> <span class='ocrx_word' id='word_1_447' title='bbox 583 3407 643 3451; x_wconf 79' lang='lat' dir='ltr'><strong>aoepe</strong></span> <span class='ocrx_word' id='word_1_448' title='bbox 652 3389 755 3452; x_wconf 76' lang='lat' dir='ltr'><strong>fortaaae</strong></span> <span class='ocrx_word' id='word_1_449' title='bbox 770 3393 935 3440; x_wconf 71' lang='lat' dir='ltr'><strong>violentiam</strong></span> <span class='ocrx_word' id='word_1_450' title='bbox 951 3394 1129 3440; x_wconf 76' lang='lat' dir='ltr'><strong>tolerarim.-</strong></span> 
     </span>
     <span class='ocr_line' id='line_1_49' title="bbox 189 3451 1129 3518; baseline 0.006 -20"><span class='ocrx_word' id='word_1_451' title='bbox 189 3451 300 3509; x_wconf 79' lang='lat' dir='ltr'><strong>[erectum</strong></span> <span class='ocrx_word' id='word_1_452' title='bbox 336 3454 384 3501; x_wconf 85' lang='lat' dir='ltr'><strong>Cic.</strong></span> <span class='ocrx_word' id='word_1_453' title='bbox 403 3467 445 3514; x_wconf 89' lang='lat' dir='ltr'><strong>pro</strong></span> <span class='ocrx_word' id='word_1_454' title='bbox 465 3453 575 3500; x_wconf 89' lang='lat' dir='ltr'><strong>Deiotaro</strong></span> <span class='ocrx_word' id='word_1_455' title='bbox 593 3455 639 3502; x_wconf 79' lang='lat'><strong>132</strong></span> <span class='ocrx_word' id='word_1_456' title='bbox 659 3459 748 3503; x_wconf 71' lang='lat' dir='ltr'><strong>caiana</strong></span> <span class='ocrx_word' id='word_1_457' title='bbox 768 3471 871 3518; x_wconf 74' lang='lat' dir='ltr'><strong>magnae,</strong></span> <span class='ocrx_word' id='word_1_458' title='bbox 889 3459 973 3513; x_wconf 77' lang='lat' dir='ltr'><strong>olom,</strong></span> <span class='ocrx_word' id='word_1_459' title='bbox 992 3464 1129 3504; x_wconf 69' lang='lat' dir='ltr'><strong>neena·-</strong></span> 
     </span>
     <span class='ocr_line' id='line_1_50' title="bbox 190 3513 1128 3581; baseline 0.01 -23"><span class='ocrx_word' id='word_1_460' title='bbox 190 3513 305 3575; x_wconf 74' lang='lat' dir='ltr'><strong>[pratens</strong></span> <span class='ocrx_word' id='word_1_461' title='bbox 328 3520 463 3578; x_wconf 88' lang='lat' dir='ltr'><strong>‘nunquam</strong></span> <span class='ocrx_word' id='word_1_462' title='bbox 474 3525 496 3564; x_wconf 90' lang='lat' dir='ltr'><strong>te</strong></span> <span class='ocrx_word' id='word_1_463' title='bbox 508 3518 625 3574; x_wconf 83' lang='lat' dir='ltr'><strong>deeerena,</strong></span> <span class='ocrx_word' id='word_1_464' title='bbox 641 3535 734 3580; x_wconf 76' lang='lat' dir='ltr'><strong>semper</strong></span> <span class='ocrx_word' id='word_1_465' title='bbox 750 3519 871 3581; x_wconf 84' lang='lat' dir='ltr'><strong>promptae</strong></span> <span class='ocrx_word' id='word_1_466' title='bbox 885 3523 916 3567; x_wconf 82' lang='lat' dir='ltr'><strong>nti</strong></span> <span class='ocrx_word' id='word_1_467' title='bbox 926 3531 949 3567; x_wconf 89' lang='lat' dir='ltr'><strong>te</strong></span> <span class='ocrx_word' id='word_1_468' title='bbox 959 3521 1128 3581; x_wconf 73' lang='lat' dir='ltr'><strong>adJutandum’</strong></span> 
     </span>
     <span class='ocr_line' id='line_1_51' title="bbox 187 3575 1130 3643; baseline 0.005 -17"><span class='ocrx_word' id='word_1_469' title='bbox 187 3599 222 3614; x_wconf 81' lang='lat'><em>-</em></span> <span class='ocrx_word' id='word_1_470' title='bbox 233 3575 324 3643; x_wconf 77' lang='lat' dir='ltr'><strong>[optat]</strong></span> <span class='ocrx_word' id='word_1_471' title='bbox 337 3584 344 3608; x_wconf 88' lang='lat'><em>‘</em></span> <span class='ocrx_word' id='word_1_472' title='bbox 350 3590 430 3643; x_wconf 85' lang='lat' dir='ltr'><strong>aptum</strong></span> <span class='ocrx_word' id='word_1_473' title='bbox 448 3582 477 3628; x_wconf 89' lang='lat' dir='ltr'><strong>ad</strong></span> <span class='ocrx_word' id='word_1_474' title='bbox 494 3585 687 3642; x_wconf 86' lang='lat' dir='ltr'><strong>reaponaandnm,</strong></span> <span class='ocrx_word' id='word_1_475' title='bbox 698 3585 728 3630; x_wconf 84' lang='lat' dir='ltr'><strong>etl</strong></span> <span class='ocrx_word' id='word_1_476' title='bbox 739 3584 785 3630; x_wconf 86' lang='lat' dir='ltr'><strong>boc</strong></span> <span class='ocrx_word' id='word_1_477' title='bbox 795 3593 913 3632; x_wconf 86' lang='lat' dir='ltr'><strong>certamen</strong></span> <span class='ocrx_word' id='word_1_478' title='bbox 923 3586 1034 3632; x_wconf 90' lang='lat' dir='ltr'><strong>idoneum</strong></span> <span class='ocrx_word' id='word_1_479' title='bbox 1045 3585 1130 3639; x_wconf 75' lang='lat' dir='ltr'><strong>reunia,</strong></span> 
     </span>
     <span class='ocr_line' id='line_1_52' title="bbox 189 3641 1130 3712; baseline 0.013 -25"><span class='ocrx_word' id='word_1_480' title='bbox 189 3641 251 3689; x_wconf 84' lang='lat' dir='ltr'><strong>rirea</strong></span> <span class='ocrx_word' id='word_1_481' title='bbox 262 3653 313 3692; x_wconf 81' lang='lat' dir='ltr'><strong>tuae</strong></span> <span class='ocrx_word' id='word_1_482' title='bbox 325 3660 411 3695; x_wconf 90' lang='lat' dir='ltr'><strong>acuena</strong></span> <span class='ocrx_word' id='word_1_483' title='bbox 421 3655 492 3706; x_wconf 87' lang='lat' dir='ltr'><strong>atque</strong></span> <span class='ocrx_word' id='word_1_484' title='bbox 508 3647 612 3708; x_wconf 65' lang='lat' dir='ltr'><strong>augona!</strong></span> <span class='ocrx_word' id='word_1_485' title='bbox 647 3649 795 3696; x_wconf 79' lang='lat' dir='ltr'><strong>constructio</strong></span> <span class='ocrx_word' id='word_1_486' title='bbox 809 3656 1038 3712; x_wconf 71' lang='lat' dir='ltr'><strong>responsore-optat</strong></span> <span class='ocrx_word' id='word_1_487' title='bbox 1053 3650 1130 3697; x_wconf 78' lang='lat' dir='ltr'><strong>occul·</strong></span> 
     </span>
    </p>
   </div>
   <div class='ocr_carea' id='block_1_5' title="bbox 0 0 1237 4059">
    <p class='ocr_par' dir='ltr' id='par_1_10' title="bbox 0 0 1237 4059">
     <span class='ocr_line' id='line_1_53' title="bbox 0 0 1237 4059; baseline 0 0"><span class='ocrx_word' id='word_1_488' title='bbox 0 0 1237 4059; x_wconf 95' lang='lat' dir='ltr'><strong> </strong></span> 
     </span>
    </p>
   </div>
  </div>
 </body>
</html>
