2442 4059
366 286 566 333 sacrasacra
588 286 656 332 mu.
674 290 712 332 11.
728 273 759 334 8.
988 274 1027 334 51

87 440 224 528 Bapula‚
240 440 379 518 lactucae,
393 440 519 517 radices,
535 439 639 526 qualia
652 440 766 505 lassum

88 527 276 592 Pervellunt
289 526 489 604 stomachum,
505 526 591 603 siser,
606 526 683 604 alec,
700 526 809 591 faecula
825 525 901 591 Coa.

88 613 153 679 His
168 612 223 677 ubi
237 612 365 677 sublatis
380 634 457 699 puer
471 612 533 677 alte
548 613 668 677 cinctus
681 634 824 676 acernam
993 617 1032 677 10

89 699 240 784 Gausape
255 720 412 785 purpureo
425 720 562 763 mensam
577 698 733 783 pertersit,
748 710 782 763 et
794 698 873 763 alter

89 784 239 871 Sublegit
253 784 461 870 quodcunque
471 786 592 870 jaceret
606 784 726 861 inutile,
743 784 889 870 quodque

89 872 204 937 Posset
219 884 378 935 coenantes
391 870 568 947 offendere;
593 882 628 935 ut
643 871 750 935 Attica
763 870 852 957 virgo

91 957 176 1021 Cum
192 957 285 1021 sacris
302 956 435 1033 Cereris,
455 956 595 1041 procedit
608 956 713 1021 fuscus
728 956 906 1043 Hydaspes,

92 1041 231 1108 Caecuba
245 1042 318 1107 vina
332 1043 445 1118 ferens,
462 1042 564 1106 Alcon
582 1042 697 1106 Chium
712 1042 805 1107 maris
819 1064 941 1128 expers.
996 1045 1035 1105 15

91 1130 158 1193 Hic
173 1128 285 1193 herus:
310 1128 479 1205 Albanum,
497 1127 667 1205 Maecenas,
683 1129 749 1193 sive
765 1129 932 1193 Falernum

92 1215 144 1279 Te
161 1215 261 1301 magis
275 1214 422 1300 appositis
436 1214 580 1292 delectat,
595 1214 745 1279 habemus
758 1228 947 1300 utrumque·

93 1299 252 1366 ‘Divitias
266 1301 412 1367 miserasl
437 1301 499 1364 Sed
514 1301 585 1387 quis
600 1301 794 1366 coenantibus
808 1302 880 1379 uua,

94 1386 252 1463 Fundani,
267 1386 396 1472 pulchre
410 1387 505 1451 fuerit
519 1387 586 1464 tibi,
602 1410 693 1451 nosse
708 1386 833 1451 laboro?

95 1474 245 1620 Summrps
278 1495 348 1560 ego,
383 1484 416 1539 et
448 1494 545 1559 prope
578 1494 630 1536 me
659 1472 772 1537 Viscus
801 1472 972 1551 Thurinus,
1006 1480 1040 1535 et

181 1558 214 1622 in
229 1580 273 1635 ra,
995 1562 1039 1621 20

97 1644 133 1709 Si
147 1643 287 1720 memini,
303 1643 436 1718 Varius3
460 1666 531 1708 cum
548 1642 680 1708 Servilio
696 1644 863 1709 Balatrone

96 1730 254 1807 Vibidius,
271 1752 349 1816 quos
365 1728 523 1795 Messenes
537 1728 711 1796 adduxerat
726 1731 858 1796 umbras.

97 1816 315 1881 Nomentanus
330 1828 396 1881 erat
409 1838 503 1902 super
517 1815 629 1902 ipsum,
647 1816 776 1881 Porcius
791 1817 881 1895 infra,

99 1901 265 1967 Ridiculus
280 1912 359 1967 totas
374 1901 465 1967 simul
479 1901 645 1967 obsorbere
660 1902 826 1988 placentas.

97 1988 317 2053 Nomentanus
330 1988 369 2053 ad
383 1988 451 2064 hoc,
468 1986 532 2073 qui,
548 1987 574 2053 si
589 1987 664 2074 quid
679 1990 759 2055 forte
772 1990 893 2067 lateret,
1001 1992 1044 2053 25

98 2074 210 2139 Indice
225 2086 409 2141 monstraret
423 2074 539 2162 digito:
562 2097 635 2139 nam
650 2087 753 2140 cetera
767 2076 867 2153 turba,

99 2160 179 2238 Nos,
195 2160 333 2247 inquam,
350 2182 507 2225 coenamus
521 2182 604 2238 aves,
621 2161 793 2248 conchylia,
808 2162 920 2251 pisces,

99 2246 217 2335 Longe
231 2246 411 2311 dissimilem
425 2258 499 2312 noto
515 2246 647 2311 celantia
660 2269 797 2325 succum,

100 2332 150 2398 Ut
165 2332 216 2397 vel
232 2332 378 2397 continuo
393 2332 503 2417 patuit,
519 2355 616 2418 quum
630 2334 762 2418 passeris
775 2333 836 2398 assi
851 2344 884 2398 et

101 2418 266 2506 ingustata
280 2418 355 2482 mihi
369 2418 617 2504 porrexeratilia
629 2418 759 2485 rhombi.
1003 2422 1045 2496 3⁰.

101 2505 180 2569 Post
195 2504 254 2569 hoc
268 2524 317 2567 me
333 2504 447 2582 docuit,
463 2504 620 2569 melimela
633 2503 744 2569 rubere
760 2504 911 2570 minorem

100 2591 156 2656 Ad
171 2590 276 2655 lunam
292 2589 421 2655 delecta.
466 2580 554 2666 Quid
569 2591 628 2655 hoc
642 2590 774 2669 intersit,
790 2592 830 2657 ab
844 2592 913 2678 ipso

101 2676 252 2743 Audieris
267 2676 387 2741 melius.
433 2676 518 2741 Tum
533 2676 680 2742 Vibidius
697 2676 876 2743 Balatroni:

103 2763 182 2841 Nos,
199 2762 260 2827 nisi
275 2762 421 2829 damnose
437 2762 580 2840 bibimus,
596 2763 764 2827 moriemur
778 2764 889 2841 inulti3

103 2848 149 2914 Et
163 2849 274 2915 calices
289 2848 388 2935 poscit
402 2848 543 2935 majores.
587 2848 721 2914 Vertere
736 2850 834 2934 pallor
1006 2851 1048 2913 35

102 2935 190 2999 Tum
206 2934 332 3021 parochi
347 2934 468 3013 faciem,
485 2934 530 2999 nil
544 2933 588 2999 sic
602 2935 780 3013 metuentis,
797 2946 832 3001 ut
845 2957 932 3001 acres

105 3022 250 3104 Potores,
265 3022 317 3085 vel
332 3020 415 3107 quod
429 3020 509 3085 male
524 3020 633 3085 dicunt
646 3020 784 3097 liberius,
800 3022 851 3086 vel

104 3107 242 3173 Fervida
256 3108 339 3194 quod
355 3107 466 3172 subtile
482 3108 651 3172 exsurdant
664 3107 736 3172 vina
750 3106 896 3193 palatum.

104 3194 275 3259 Invertunt
290 3192 436 3257 Allifanis
451 3192 568 3257 vinaria
582 3205 648 3258 tota
890 3197 893 3207 “

104 3279 254 3345 Vibidius
270 3278 468 3365 Balatroque,
484 3278 597 3344 secutis
613 3279 775 3356 omuibus3
796 3278 852 3343 imi
1008 3281 1050 3340 40

107 3366 261 3431 Convivae
275 3365 348 3429 lecti
363 3364 495 3429 nihilum
509 3388 643 3429 nocuere
657 3366 788 3452 lagenis.

106 3452 261 3517 Adsertor
275 3450 402 3537 squillas
417 3451 498 3517 iuter
512 3472 650 3516 muraena
663 3464 805 3517 natantes

107 3538 147 3605 111
178 3537 286 3625 patina
316 3548 465 3623 porrecta.
512 3536 578 3601 Sub
603 3537 662 3602 hoc
685 3537 787 3615 herus,
814 3534 893 3600 Hac
915 3533 1051 3621 gravida,

194 3624 309 3711 inquit,

549 3710 686 3797 n2·
