2442 4059
172 286 237 351 990
503 286 788 335 interpraetatio,
1022 286 1121 351 [aeter.

170 440 297 486 intellecta.
317 439 434 486 Plutarch.
452 438 481 485 de
498 438 579 485 Gloria
597 439 684 485 Athen.
701 454 724 498 p.
736 438 791 493 346,
809 439 851 485 a:
868 434 897 485 '0
915 435 1060 501 Σιμωνίδης
1071 439 1123 498 τὴν

172 504 220 565 μὲν
238 502 384 567 ζωγραφίαν
407 502 511 562 ποίησιν
530 505 669 550 σιωπῶσαν
689 501 882 566 προσηγόρευεν,
903 503 954 561 τὴν
970 501 997 551 di
1015 505 1123 563 ποίησιν

172 567 316 633 ζωγραφίαν
332 566 621 631 iniuideam-[abates]
639 570 732 614 videtur
749 568 819 622 ίίπαξ
830 566 978 631 λεγόμενον,
992 572 1059 616 unde
1068 586 1122 616 cor·

104 674 107 679 .
173 636 271 695 rupteIre
291 637 374 690 adalae,
392 636 468 686 obsis,-
485 634 610 680 formatum
629 643 666 680 est
683 636 712 679 ad
728 635 859 694 analogiam
879 650 899 681 v.
911 632 1063 698 ἀφίσταμαι,
1077 636 1121 681 sed

172 708 268 760 propter
284 715 368 745 sonum
385 699 527 759 asperiorem
543 709 657 759 preterea
669 713 722 745 raro
734 708 776 744 aut
792 714 912 758 nunquam
930 708 1123 759 usurpatum.-

175 761 247 825 [Hoec
261 774 323 810 ornat
339 761 467 825 obscurum]
486 766 554 824 ‘quae
571 765 696 810 virtutibus
714 765 809 823 quidem
828 779 876 809 non
891 774 962 819 caret,
983 766 1025 810 sed
1040 774 1121 826 tamen

173 844 216 876 suo
227 832 281 888 Jnre
297 830 400 888 postulat
416 828 510 889 partim,
529 844 559 875 ne
573 829 780 889 nimis'diligenter
795 830 968 887 investigentur
979 829 1025 875 loci
1040 831 1121 876 minus

173 894 281 953 expoliti,
292 897 377 953 partim
389 902 416 939 ut
431 891 560 957 φαντασίᾳ
574 895 653 954 potius
666 903 691 939 et
704 894 756 939 miti
771 896 872 954 quodam
883 895 1039 941 humanitatis
1049 910 1120 941 sensu

174 973 226 1004 eam
248 960 424 1018 amplectamur,
447 974 516 1019 quarn
539 960 619 1004 subtili
641 959 773 1005 intellectus
793 960 884 1019 judicio
908 959 1122 1019 solsjiciamua’-

176 1019 432 1084 [argutum—acumen]
450 1026 506 1071 lreea
515 1025 701 1070 discriminatioa.

207 1088 341 1137 366-369.
367 1087 400 1151 [0
410 1085 496 1150 major]
529 1089 571 1133 ‘L.
584 1088 653 1135 Piso!
674 1086 862 1151 Aca-[Tolle
876 1085 972 1150 memor]
998 1088 1122 1135 Excidunt

175 1153 280 1212 loquenti
292 1156 375 1207 verba;
393 1154 433 1213 qui
452 1153 519 1199 eain
536 1163 640 1200 mentetn
656 1168 722 1199 suam
738 1154 828 1214 recipit,
848 1154 920 1200 veluti
937 1155 998 1200 tollit
1016 1152 1051 1215 (io
1067 1156 1120 1201 taire

174 1216 224 1278 up).
232 1243 265 1252 -
275 1215 367 1280 [certio]
386 1219 557 1279 ‘quibusdum'
569 1232 616 1264 non
633 1219 766 1265 ‘delinitis'

208 1283 342 1338 371-373.
362 1280 493 1345 [Messala]
517 1285 560 1329 Est
575 1292 644 1330 notus
662 1284 700 1329 ille
719 1285 751 1330 M.
765 1283 871 1329 Valerius
882 1283 986 1329 Messala
997 1283 1122 1339 Corvinus,
1158 1286 1166 1301 ⁸

178 1348 265 1394 Tibulli
277 1348 359 1394 fautor.
394 1350 482 1394 Seneca
494 1349 603 1394 controv.
615 1348 638 1402 2,
652 1348 688 1405 12,
707 1350 762 1395 Fuit
772 1349 874 1395 Mesralo
884 1350 1023 1395 eructirrimi
1034 1351 1122 1409 ingenii

176 1414 200 1459 iu
222 1429 294 1459 omues
312 1415 401 1474 quidem
421 1414 545 1460 studiorum
562 1420 648 1473 parter,
670 1414 751 1460 Latini
768 1416 847 1475 utique
864 1416 973 1459 rumoris
991 1416 1123 1459 odreromoe

176 1478 369 1539 diligentissimus.
402 1480 476 1525 Extat
484 1493 527 1539 pro
538 1478 667 1539 Pythodoro
684 1481 756 1525 oratio
771 1480 1049 1525 disertissima—A.
1062 1478 1121 1524 Goe-

176 1544 262 1597 cellius,
282 1544 423 1589 clarissimus
431 1544 620 1603 Jurisconsultus,
636 1544 708 1589 homo
719 1545 787 1590 dicax
797 1558 825 1589 ac
835 1542 924 1589 facetus
941 1542 1058 1603 (Macron.
1070 1544 1120 1589 Sat.

176 1608 201 1666 2,
211 1606 246 1667 6),
266 1615 290 1653 et
308 1609 383 1654 clarus
404 1610 467 1655 Bane
484 1610 595 1655 diciorum
614 1609 682 1667 libro,
702 1611 739 1655 oir
752 1607 817 1667 juris
834 1610 908 1655 ciuilis
928 1611 1027 1654 reimtid
1044 1609 1121 1654 eiam

176 1671 221 1717 suit
236 1674 286 1731 jam
305 1673 481 1720 triumvirorum
498 1680 603 1733 tempore
622 1686 645 1719 a.
655 1685 681 1718 u.
688 1686 710 1718 c.
727 1673 782 1728 712,
801 1681 861 1719 teste
879 1674 928 1719 Vai.
947 1673 1012 1719 Max.
1026 1672 1050 1727 6,
1061 1674 1085 1727 2,
1097 1672 1120 1728 l,

176 1736 303 1782 admodum
325 1739 397 1797 igitur
416 1752 489 1784 senex
509 1753 537 1783 eo
558 1752 621 1783 anno
638 1752 684 1796 quo
706 1739 745 1784 hic
766 1739 825 1783 liber
841 1738 941 1798 scriptus
960 1734 1121 1797 est-[Noa

176 1804 282 1859 homines,
301 1818 344 1848 non
358 1801 396 1863 di]
422 1804 470 1849 cic.
485 1803 515 1848 ad
533 1804 599 1849 Fam.
616 1802 677 1857 Lu:
695 1806 731 1849 dtr
750 1804 918 1864 hominibusque
933 1803 1119 1863 opproloaular.
1205 1839 1206 1856 ,

177 1866 228 1913 Liv.
240 1866 263 1920 3,
278 1866 314 1920 17.
327 1868 365 1921 41),
380 1868 417 1921 12,
436 1868 473 1913 cui
489 1868 595 1913 formulas
616 1866 686 1929 παρὰ
702 1864 858 1928 προσδοκίαν
872 1868 953 1913 addit:
970 1883 1015 1913 aon
1030 1882 1120 1913 moer-

176 1946 224 1977 rere
242 1933 355 1986 columae,
373 1934 470 1988 eaedem,
487 1947 540 1993 quse
558 1934 605 1978 Sat.
625 1931 646 1987 l,
661 1933 685 1985 1,
699 1932 738 1988 71,
755 1941 868 1978 vocantur
882 1935 945 1993 pile,
966 1941 1022 1977 ante
1035 1932 1121 1977 biblio·

176 1996 282 2055 polarum
301 1998 425 2051 tabernas;
442 1998 526 2057 quibus
541 1998 657 2043 columnis
672 1999 784 2043 librorum
801 1997 919 2043 venalium
934 1997 1025 2043 indices
1038 1998 1120 2056 affige·

176 2062 411 2107 bantur—‘Etiam
431 2062 551 2107 columnas
568 2063 620 2107 illas
639 2063 780 2108 inanimatas
799 2064 874 2122 pudet
890 2063 1044 2107 mediocrium
1063 2076 1122 2121 poe-

176 2133 253 2171 tarum
273 2125 399 2172 ethorum
417 2127 514 2172 nomina
530 2126 573 2172 sibi
594 2127 657 2186 affigi
676 2128 831 2186 indignantur
848 2142 895 2172 non
915 2141 981 2173 secus
1003 2136 1075 2186 atque
1091 2127 1122 2171 iia
1205 2179 1206 2192 ,

175 2190 228 2236 irati
241 2200 295 2235 sunt
307 2190 331 2235 di
341 2192 511 2251 hominesque!
529 2191 625 2252 (Nullos
636 2192 745 2238 videlicet
756 2192 876 2252 reperiunt
886 2190 1024 2252 emptores.)

208 2255 264 2310 375,
279 2255 333 2309 376.
359 2253 444 2317 [Sardo
460 2272 510 2303 cum
526 2252 604 2317 malie]
632 2257 775 2303 “Corsicam
793 2265 818 2302 et
837 2257 936 2302 Sardum
956 2257 1004 2302 mel
1025 2256 1121 2315 pessimi

175 2320 264 2379 saporis
282 2321 342 2366 est.”
365 2322 447 2381 Porplr.
458 2317 579 2383 —[duci]
603 2322 708 2381 ‘poterat
726 2336 793 2381 aque
813 2322 920 2367 hilariter
937 2321 1036 2381 produci
1054 2335 1121 2367 coena

174 2385 226 2430 sine
247 2385 298 2430 istis
317 2382 459 2449 παρέργως,
481 2401 542 2445 quar,
566 2400 620 2432 cum
642 2395 785 2447 praepostera
805 2394 868 2441 sunt,
885 2387 993 2432 molestid
1015 2380 1122 2432 afficiunt

175 2450 300 2495 convivas.¹
792 2464 794 2470 ’

207 2513 343 2567 atu-383.
368 2512 483 2577 [Ludere]
510 2516 639 2566 “Quamvis
657 2516 707 2561 haec
725 2514 1015 2574 (11.372-37111αειασ
1034 2529 1122 2574 negare

176 2579 269 2635 audeat,
289 2587 367 2624 tamen
380 2580 516 2639 nescioqui
530 2580 624 2626 insanii
639 2581 693 2636 acti,
709 2582 812 2641 imperiti
827 2581 937 2639 permulti
953 2580 1036 2640 poesin
1052 2594 1121 2625 erer-

176 2642 245 2688 cent.’
281 2644 391 2689 Ceterum
406 2644 488 2690 similis
504 2645 623 2691 sententia
638 2653 674 2691 est
686 2647 745 2705 Epp.
757 2647 780 2701 2,
794 2646 815 2700 l,
828 2645 922 2692 114.-
932 2640 1121 2706 [conqueriritur]

178 2706 277 2765 ‘quibus
293 2716 391 2753 utuntur
404 2710 512 2755 ludentes
525 2711 550 2756 in
568 2709 659 2768 Campo
673 2707 928 2772 Martio.'-[coronae]
947 2714 1122 2769 ‘spectatorum

176 2771 290 2825 catervae,’
308 2780 334 2817 ut
346 2773 408 2833 Epp.
422 2773 442 2829 1,
456 2774 493 2830 lli,
505 2774 543 2821 64.
559 2799 592 2809 —
605 2770 720 2836 [Quidni]
738 2776 863 2835 respondet
874 2790 935 2820 unus
947 2788 978 2819 ex
989 2775 1035 2820 isto
1045 2775 1121 2820 malo-

176 2849 229 2881 rum
248 2842 369 2894 poetarum
386 2852 473 2897 greges
498 2840 573 2890 ‘Quis
594 2840 653 2885 mihi
675 2840 800 2885 interdicat
821 2854 901 2885 versus
918 2853 1030 2899 pangere,
1047 2854 1121 2899 quum

176 2900 220 2945 sim
243 2900 310 2959 liber,
327 2901 406 2948 liberis
428 2905 566 2963 parentibus
586 2913 655 2950 natus
671 2913 702 2961 et,
719 2906 782 2965 quod
800 2908 875 2965 maius
894 2906 966 2950 etiam
985 2912 1029 2960 est,
1049 2918 1122 2963 eques

177 2966 305 3018 Romanus,
317 2965 368 3011 sine
379 2968 427 3013 ullo
437 2969 542 3025 crimine,
553 2984 675 3029 nunquam
687 2974 792 3017 cenam
802 2972 929 3016 sarculatis
938 2971 993 3015 aoid
1004 2970 1122 3016 iuuatur?

177 3029 236 3088 (cte.
260 3030 352 3075 cluent.
374 3030 465 3092 43)-
482 3030 631 3095 [eqttartrem]
657 3037 745 3093 ‘quum
765 3050 849 3081 census
866 3035 911 3080 sim
927 3034 1122 3094 quadringenties

176 3095 325 3148 sestertium,’
343 3093 464 3153 (senatorii
476 3102 559 3144 cenatio
570 3099 670 3145 dimidia
680 3099 765 3159 parte.)

208 3159 343 3207 385-390.
362 3156 424 3221 [Tu]
443 3163 495 3208 ‘Tu
506 3177 561 3209 vero
572 3165 619 3209 noli
631 3164 728 3210 istorum
740 3164 822 3210 similia
835 3178 897 3223 esse;
910 3163 1013 3224 primum
1023 3163 1122 3223 explora

176 3231 199 3269 te
209 3224 294 3285 ipsum,
313 3233 393 3270 utrum
409 3226 524 3284 poeticam
541 3228 644 3274 indolem
660 3230 702 3275 tibi
719 3230 803 3289 largita
818 3229 849 3274 sit
865 3237 949 3274 natura
963 3242 1052 3284 necne;
1070 3237 1120 3274 tum

176 3290 271 3335 consule
288 3286 682 3357 amicos.’-[Inuitd—Miaerod]
705 3295 754 3340 cic.
774 3295 803 3339 de
822 3294 867 3339 Off.
883 3294 904 3349 1,
923 3293 967 3340 31:
992 3295 1076 3345 iaoitd,
1095 3300 1121 3339 rt

176 3356 248 3407 aiunt,
268 3355 380 3412 Minerua,
402 3356 429 3401 id
446 3363 487 3411 ost,
506 3359 640 3406 aduersante
662 3366 685 3406 et
702 3366 842 3421 repugnante
858 3356 1045 3420 actoru-[Id
1062 3355 1118 3419 liii]

177 3418 334 3477 Frequentius
351 3435 393 3479 per
410 3420 521 3467 relativa:
540 3424 618 3483 ‘quod
635 3432 701 3469 tuum
717 3425 842 3483 Judicium,
859 3439 912 3483 quoe
927 3431 968 3468 tua
986 3437 1052 3468 meus
1070 3431 1119 3477 erto

175 3496 218 3541 pro
235 3490 276 3527 tuo
289 3485 387 3542 judicio,
404 3488 477 3545 probe
495 3486 552 3532 mihi
569 3488 643 3534 noto.’
654 3513 687 3522 —
700 3486 794 3551 [Meci]
815 3490 854 3549 Sp.
868 3488 964 3534 Maecius
979 3488 1074 3547 Tamti
1090 3489 1119 3533 de

176 3560 223 3605 quo
241 3548 295 3592 vide
312 3550 359 3593 Sat.
373 3549 394 3605 l,
409 3549 445 3605 10,
457 3550 536 3597 311-
546 3548 581 3611 [et
597 3550 699 3615 rostras]
725 3555 782 3613 ‘qui
801 3568 856 3600 vere
873 3553 915 3597 tibi
934 3566 987 3597 sum
1000 3552 1118 3605 amicusr'

176 3610 226 3655 sine
238 3611 286 3655 ulta
297 3614 431 3672 arrogantii
441 3616 530 3661 dictum
547 3623 589 3661 eat.
599 3640 633 3651 -
645 3614 793 3679 [nonumque]
814 3618 885 3664 ‘Noli
896 3617 1010 3677 poematis
1021 3618 1056 3663 tui
1067 3617 1115 3662 edi-
