2442 4059
170 259 233 324 186
499 255 782 304 tutuutnutumo.
1015 256 1111 321 [erun.

168 426 194 459 se
205 413 325 460 coleretur.
360 408 440 458 Custos
451 415 529 455 autern
540 418 564 456 at
574 410 666 458 satelles
674 408 788 468 imagines
798 415 854 454 aunt
865 408 994 469 desumpta
1005 425 1021 456 a
1030 413 1116 460 or’rtate

185 477 234 524 usai
246 491 271 522 re
288 477 337 522 int.

168 493 183 537 q
203 541 240 598 18,
255 493 292 590 li.
310 539 347 602 [lu
358 535 486 600 Aristippi]
503 537 551 585 cic,
565 538 636 585 head.
648 539 671 593 2,
683 538 723 594 tu,
740 539 827 584 Eorum
839 540 879 599 qui
895 539 1032 597 uoluptatem
1044 541 1116 599 steen

169 607 274 653 bonormn
291 621 337 652 esse
354 605 471 652 uoluerunt
486 605 593 663 princeps
603 605 737 664 Aristippus
749 603 888 664 Gyreaaeurr
904 617 976 662 aquo
988 604 1115 662 Cyrenaici
1151 628 1154 632 >

169 686 188 718 a.
198 666 369 718 ‘fltrvreot-
378 665 423 730 [Et
434 665 502 730 mihi]
521 669 569 714 ‘Et
586 669 646 714 mihi
658 666 727 728 (mese
744 667 859 714 voluntati
875 674 900 713 et
915 668 1065 729 constantiae)
1076 681 1115 716 res

168 745 278 782 externas
294 737 442 795 subJungere‚
460 729 655 796 ὑποζευγνύναι,
672 747 756 786 οοηοις
774 732 877 778 non'me
894 734 964 778 rebus
980 735 1113 794 sublonga

168 799 193 845 in
205 813 234 847 eo
244 799 316 859 igitur
331 800 432 855 elaboro,
451 807 477 844 ut
493 812 560 857 aequo
577 798 656 844 animo
672 811 753 843 omnes
770 795 869 844 fortunae
880 796 1054 844 vicissitudines
1064 813 1116 846 aua

168 865 265 921 tineam,
276 864 350 923 iisque
362 863 467 924 superior
477 862 529 919 sim,
537 864 593 909 dum
604 863 665 917 laeto,
674 860 715 908 sed
726 863 847 908 moderato
856 862 909 906 ritae
920 876 965 907 usu
976 870 1115 910 contentum

170 930 242 975 nullae
253 929 420 976 sollicitudines
430 937 527 986 angunt,
540 928 611 973 nulloe
622 927 760 987 cupiditates
767 935 923 973 transversum
933 935 1009 986 agunt
1016 937 1116 975 vexant·

168 991 230 1052 quc!
252 991 325 1040 Recte
336 993 407 1052 igitur
418 996 468 1052 jam
480 993 570 1038 Comm.
583 993 654 1051 Cruq.
672 993 767 1038 ‘Rebus
782 999 835 1038 utor
850 991 891 1048 its,
908 1000 935 1037 ot
945 992 979 1038 eis
990 992 1114 1052 imperem,

168 1072 216 1104 non
228 1066 314 1113 eutem,
325 1067 352 1104 ut
363 1057 396 1104 eis
406 1057 506 1104 serviam
518 1066 544 1102 ut
554 1057 653 1102 avarus!

123 1156 125 1160 -
201 1124 239 1170 20.
258 1119 365 1185 [Restat]
384 1123 507 1169 ‘Ceterum
525 1135 598 1180 quum
614 1121 685 1168 etiam
701 1134 765 1168 nunc
780 1121 960 1182 impediar‚quo
974 1121 1055 1168 minus
1070 1123 1116 1169 ad·

167 1187 254 1248 spirem
272 1189 302 1234 ad
318 1188 443 1248 perfectam
460 1187 606 1247 sapientiam,
625 1188 706 1232 saltem
725 1201 762 1232 me
780 1187 858 1247 lpsuru
874 1184 909 1244 (ld
926 1187 990 1245 quod
1006 1188 1114 1232 omniurn

168 1252 331 1312 gravissimum
343 1251 398 1312 est),
407 1265 487 1311 regam
499 1251 535 1298 his
546 1250 711 1319 orosxeiosgys.
728 1252 824 1314 supinae·
839 1245 930 1305 δόξαις,
942 1264 1000 1310 quas
1012 1265 1043 1298 ex
1054 1252 1114 1298 meis

168 1317 370 1377 qualibuscunque
381 1317 503 1378 sapientire
515 1316 598 1362 studiis
615 1317 730 1362 deducere
747 1323 816 1375 atque
833 1314 941 1374 colligere
957 1317 1039 1376 potuit
1055 1318 1115 1363 alios

168 1381 213 1429 sibi
233 1383 302 1444 ipsos,
317 1391 344 1429 ut
360 1383 449 1437 volunt,
464 1380 580 1427 moderari
595 1378 663 1426 facile
678 1381 770 1440 patior;
791 1382 867 1428 olteao
885 1381 944 1427 enirn
960 1384 1053 1442 negotis
1070 1397 1114 1428 aon

167 1460 230 1502 cerro,
242 1455 267 1494 ut
279 1446 449 1507 Damasippus!
458 1471 490 1480 -
503 1439 585 1506 [solor]
598 1459 645 1490 non
657 1454 706 1491 tatu
716 1446 741 1491 in
753 1447 822 1491 rebus
832 1445 942 1499 adversis,
953 1460 1055 1504 quarum
1071 1459 1114 1507 per

168 1519 242 1560 totam
259 1512 389 1571 Epistulam
405 1501 492 1557 nulla'nt
507 1511 650 1556 mentionem
666 1509 728 1564 iacit,
744 1521 830 1569 quamt
848 1511 904 1556 ‘ubi
921 1511 1025 1556 rninores
1042 1524 1114 1571 quan

168 1577 252 1622 vellem
264 1589 398 1652 progressus
408 1575 468 1622 facio
478 1576 503 1621 ln
514 1575 599 1621 virtute
611 1588 638 1620 ac
648 1575 778 1634 sapientii.¹
785 1596 818 1608 *-
827 1571 971 1636 [Elementa]
981 1583 1114 1622 extenuem

168 1640 233 1696 dicit,
244 1655 311 1700 quast
318 1641 435 1687 doctrinas
443 1639 623 1701 simplicissimas
632 1652 659 1686 ac
668 1638 765 1687 minime
775 1642 897 1695 ebenum,
908 1647 936 1685 ut
943 1640 1020 1700 quivis
1031 1654 1114 1687 earum

168 1706 290 1752 veritatem
301 1705 417 1764 intelligat
426 1705 501 1765 iisque
513 1704 547 1750 uti
558 1712 636 1764 queat.

201 1769 304 1817 21-14,
329 1765 580 1832 [oculo-contendere]
604 1767 727 1829 Significat
742 1767 816 1815 aciem
836 1769 955 1815 oculorum
975 1770 1114 1826 extendere,

168 1833 269 1893 dirigere
286 1849 360 1894 usque
377 1835 408 1880 ad
425 1843 514 1881 certum
531 1835 610 1890 finem,
627 1833 733 1893 ostonde,
747 1835 808 1880 ultra
821 1847 892 1892 quem
908 1834 971 1880 cerni
985 1835 1035 1894 jum
1052 1835 1113 1881 nihil

168 1907 259 1959 potoat3
276 1899 407 1946 collineare.
441 1898 488 1945 Cic
499 1899 528 1945 de
537 1899 583 1945 Oli.
591 1899 615 1954 ³,
625 1900 648 1955 2,
660 1905 769 1960 qoontsnr
779 1900 864 1944 conniti
874 1901 949 1946 animo
955 1906 1028 1959 poter,
1039 1915 1114 1960 quse·

169 1971 216 2010 teor
227 1965 303 2011 labore
314 1965 492 2011 contendere—
499 1960 631 2024 [Lynceus]
644 1965 691 2010 Sat.
705 1963 727 2019 l,
739 1965 764 2022 2,
774 1964 813 2011 90.
820 1983 854 1996 --
864 1961 934 2024 [Nora
942 1961 1029 2024 tuerere]
1042 1969 1048 1990 ⁸
1059 1965 1114 2011 Non

168 2035 248 2075 tamen
263 2028 321 2074 adeo
338 2029 508 2088 desperandum
525 2029 554 2074 do
569 2029 620 2073 risu
637 2035 680 2086 ιιι,
696 2037 724 2075 ut
738 2029 759 2074 ei
773 2029 900 2087 aliquando
909 2029 1051 2088 lippitudine
1062 2031 1113 2089 (irr-

162 2094 305 2152 flornntntion
316 2089 344 2153 os
355 2095 392 2140 the
403 2089 455 2154 epe)
467 2093 564 2148 labores,
576 2093 672 2152 collyria
682 2093 794 2140 adhibere
808 2091 929 2151 curarique
946 2092 1022 2139 nolis!
1055 2095 1114 2140 Siue
1208 2104 1209 2141 3

168 2158 285 2218 imagines
302 2158 345 2206 ‘Si
360 2157 521 2218 experimento
536 2158 597 2203 tacto
612 2158 644 2203 sd
659 2171 778 2204 summam
792 2157 908 2217 protectus
918 2158 1016 2216 gradum
1028 2171 1113 2219 perve-
1208 2188 1209 2195 ,

168 2223 220 2270 nire
231 2222 322 2282 nequis,
336 2222 384 2268 noli
400 2223 454 2268 ideo
468 2222 590 2282 desperare
605 2235 633 2268 ac
648 2231 672 2268 te
687 2237 782 2282 prorsus
798 2222 922 2281 negligere.
957 2222 1038 2269 Priora
1053 2227 1114 2271 eet·

168 2295 295 2348 mouentem
311 2290 424 2335 honesturn
441 2293 476 2334 eat
492 2289 517 2333 in
535 2287 640 2334 secundis
653 2289 771 2349 tertiisque
785 2287 920 2334 consistere!
940 2284 1000 2346 (Gis.
1016 2288 1058 2335 Or.
1077 2286 1113 2348 1.)

169 2353 245 2410 Glyco
262 2363 340 2400 autern
358 2353 446 2398 athleta
460 2351 641 2407 robustissimus,
658 2361 733 2411 poeta
749 2351 852 2410 [equalis.
864 2372 897 2385 ——
909 2349 1049 2414 [cheragra]
1064 2353 1114 2399 Sat.

170 2416 193 2474 1,
203 2415 227 2471 7,
240 2416 277 2472 16,
289 2433 318 2463 ex
329 2418 376 2476 qud
387 2417 494 2464 oriuntur
506 2417 560 2463 nodi
572 2416 597 2462 in
607 2416 733 2476 digitorum
743 2415 854 2462 articulis.

200 2480 303 2536 25-27.
322 2479 434 2542 [quodum
446 2483 539 2542 prodire
549 2477 627 2541 unus]
644 2495 687 2541 per
697 2481 781 2527 tmesin
792 2494 835 2541 pro
845 2481 1015 2541 quadamtenus,
1027 2481 1117 2528 eddom
1208 2472 1209 2507 1

167 2544 350 2592 conformatione
367 2546 486 2602 feminini,
502 2547 549 2605 qut
565 2555 620 2591 aunt
635 2549 754 2607 quamsi,
769 2547 920 2607 atiquatenus,
938 2549 1055 2603 baeterrae,
1073 2561 1113 2593 eu·

169 2616 242 2665 tenus,
253 2610 375 2656 illatenus:
391 2611 460 2656 ‘licet
476 2610 582 2671 progredi
600 2625 674 2669 usque
690 2611 721 2656 ad
737 2619 826 2657 certum
839 2610 956 2669 quendem
968 2611 1114 2658 terminum)

169 2671 279 2735 [Fervet]
297 2675 369 2720 veluti
387 2676 416 2721 da
433 2675 492 2720 febri
509 2675 619 2734 loquitur.
629 2699 663 2708 -
675 2671 825 2736 [rniaeropue]
841 2675 968 2729 oculo,
981 2674 1019 2729 10,
1036 2677 1115 2722 stimi

169 2738 278 2785 tumultur
288 2741 374 2786 mertis.
410 2741 497 2800 Cupido
507 2739 570 2800 apud
584 2739 642 2785 llor.
653 2753 744 2800 semper
756 2751 809 2799 gon.
820 2753 891 2785 masc
909 2740 1114 2786 llemediaautern

168 2815 199 2848 ex
216 2801 369 2863 philosophia
384 2804 513 2864 illapsus,
531 2818 583 2864 quas
599 2805 630 2849 ad
646 2818 723 2851 morea
738 2811 834 2864 spectat,
849 2804 905 2850 scite
922 2813 1043 2864 comparat
1059 2819 1114 2851 cum

168 2862 285 2928 ἐπῳδαῖς,
297 2869 442 2914 cantionibus
456 2880 476 2915 t.
489 2868 631 2915 carminibus
647 2869 752 2928 magicis,
765 2869 850 2928 quibua
860 2869 931 2914 etiam
943 2869 1028 2915 medici
1038 2869 1114 2916 inter*
1208 2890 1209 2897 ι

168 2932 226 2978 dum
237 2932 271 2978 uti
283 2933 403 2980 solebant:
420 2949 483 2981 occet
493 2930 568 2992 magia
583 2934 614 2980 ad
628 2933 780 2994 symphonias
793 2933 876 2988 resero,
887 2934 972 2992 quibus
987 2934 1074 2980 medici
1090 2943 1115 2980 et
1208 2954 1209 2961 ι

168 2997 231 3056 magi
241 2997 346 3043 oanninu
356 2998 396 3043 illa
407 3013 491 3044 arcana
502 2998 680 3046 comitabantur.
690 3022 723 3032 —
734 2995 857 3059 [mem]
871 2997 1061 3045 ‘molestissimas
1071 3000 1114 3045 bat

75 3117 77 3123 y
167 3062 240 3108 animi
252 3063 436 3123 perturbationes
443 3064 456 3118 ς’
469 3063 555 3109 morbos
564 3065 690 3124 philoropbi
700 3065 823 3124 oppetisset·
843 3063 904 3122 (Cic.
916 3065 985 3110 Tusc.
998 3063 1022 3117 3,
1033 3063 1069 3124 4.)

200 3127 239 3183 19,
257 3127 296 3174 30.
323 3123 398 3187 [certo
419 3125 523 3188 pinnula]
540 3127 680 3188 ‘prasentia
697 3141 724 3173 ac
740 3130 837 3188 probata
854 3127 972 3176 remedia)
993 3128 1113 3179 Quoniam

166 3194 323 3254 untiquireirno
342 3198 438 3251 ternpore
454 3195 525 3239 morbi
542 3195 574 3239 od
590 3195 649 3239 troes
666 3193 757 3240 deorum
775 3194 935 3239 immortalium
952 3190 1114 3253 referebantur
1208 3194 1209 3247 l

168 3254 263 3317 (Celsus
277 3257 343 3302 Prot.
361 3253 395 3315 1),
417 3257 467 3302 brec
480 3265 535 3303 anta
553 3256 632 3303 omnia
651 3252 800 3321 sudippoot,
819 3257 938 3303 sacrificiis
954 3259 1073 3318 expianda
1090 3266 1114 3304 et

167 3321 282 3382 placanda
299 3330 363 3375 eratt
381 3319 436 3367 hlnc
451 3335 509 3367 nore
525 3321 695 3368 medicamenta
709 3323 760 3382 ipsa
773 3323 867 3383 piaculo
882 3331 955 3369 vocat.
988 3324 1043 3369 Jum
1058 3335 1113 3369 reto

167 3385 217 3432 bac
228 3387 399 3433 medicamenta
409 3397 464 3431 sunt
474 3385 616 3445 sapientium
627 3387 719 3447 ecripta,
730 3401 783 3446 quse
798 3386 952 3433 attentissime
968 3395 993 3432 et
1007 3387 1113 3433 animoa

166 3451 381 3508 perturbationibus
396 3464 466 3510 quam
483 3449 584 3495 maxime
599 3464 672 3496 vacuo
687 3452 764 3510 legere
780 3465 808 3497 ao
821 3452 929 3498 meditari
940 3453 1061 3506 debemus,
1072 3465 1113 3498 eoa

166 3525 266 3624 purpque
277 3516 374 3563 consilia
384 3515 459 3575 sequi.
492 3515 571 3576 iunge
582 3520 619 3561 ter
628 3516 692 3572 tecto,
702 3530 749 3562 non
760 3524 796 3563 ter
803 3531 863 3577 pure
875 3530 918 3563 nee
928 3523 1031 3578 terpora
1041 3526 1067 3564 et
1077 3523 1114 3564 ter

165 3589 201 3624 ‘ec
212 3593 232 3624 a.
