2442 4059
158 222 181 283 8
439 265 638 313 sturnorum
660 268 727 313 nra.
742 270 766 313 1.
781 252 813 313 3.

162 418 289 484 Mutum
311 426 358 486 'et
398 431 488 507 turpe
524 442 629 507 pecus,
669 420 814 507 glandem
850 431 944 506 atque
980 419 1095 486 cubilia

266 529 298 569 ro
323 516 369 571 ter

161 528 330 677 Ungiibds
344 604 377 657 et
391 592 514 679 pugnis,
530 592 601 657 dein
617 591 759 668 fustibus,
774 603 868 677 atque
882 591 925 655 ita
939 613 1030 678 porro
1052 596 1094 657 95

162 677 349 763 Pugnabant
362 678 463 754 armis,
480 701 550 764 quae
564 692 633 764 post
646 678 846 743 fabricaverat
860 700 932 741 usus
940 701 949 753 3

161 762 274 827 Donec
288 765 391 840 verba,
407 764 519 849 quibus
533 787 624 829 voces
637 786 806 849 sensusque
821 775 973 843 notarent,

162 848 358 936 Nominaque
375 851 536 927 invenere3
559 849 672 915 dehinc
684 849 831 915 absistere
847 848 938 926 bello,

163 934 288 1019 Oppida
302 950 462 1021 coeperunt
476 936 606 1014 munire,
624 951 656 1001 et
670 958 785 1022 ponere
801 936 896 1022 leges,

163 1019 214 1083 Ne
230 1021 299 1105 quis
313 1023 363 1085 fur
377 1036 466 1098 esset,
483 1045 544 1086 neu
559 1022 646 1098 latro,
663 1045 725 1086 neu
740 1021 809 1106 quis
823 1021 953 1086 adulter.
1035 1026 1096 1085 100

145 1106 239 1170 .Jura
253 1106 378 1172 inventa
392 1121 476 1171 metu
491 1106 597 1195 injusti
612 1108 726 1172 fateare
741 1128 866 1171 necesse
882 1120 938 1185 est,

163 1192 319 1277 Tempora
334 1194 359 1258 si
374 1194 528 1279 fastosque
543 1193 619 1257 velis
634 1193 775 1258 evolvere
789 1191 906 1256 mundi.

163 1277 233 1341 Nec
248 1292 355 1343 natura
369 1293 472 1365 potest
482 1281 566 1365 justo
580 1301 741 1343 secernere
756 1278 907 1364 iniquum,

163 1363 287 1429 Dividit
302 1378 336 1429 ut
351 1366 430 1430 bona
444 1365 580 1442 diversis,
596 1364 745 1451 fugienda
760 1364 918 1449 petendis:

165 1450 233 1514 Nec
256 1455 360 1517 vincet
384 1451 462 1515 ratio
490 1452 557 1529 hoc,
584 1450 775 1516 tantumdem
803 1461 837 1515 ut
864 1461 973 1536 peccet
1000 1449 1097 1513 idem-

270 1560 320 1613 ue,
1037 1540 1097 1599 105

164 1620 230 1696 Qui
246 1559 367 1686 feneros
382 1622 484 1688 caules
498 1621 590 1687 alieni
605 1621 734 1709 fregerit
747 1620 838 1698 borti,
1102 1618 1105 1623 ’

164 1706 207 1771 Et
221 1708 275 1792 qui
290 1723 458 1773 nocturnus
472 1731 556 1774 sacra
570 1708 675 1772 divfrm
691 1706 810 1794 legerit.
857 1706 950 1771 Adsit

165 1792 298 1880 Regula,
314 1795 447 1879 peccatis
462 1817 532 1880 quae
546 1816 653 1880 poenas
667 1794 784 1879 irroget
796 1815 916 1879 atquas3

164 1877 215 1942 Ne
230 1881 344 1945 scuticd
360 1880 487 1965 dignum
504 1880 641 1944 horribili
655 1893 773 1944 sectere
788 1878 920 1966 flagello.

165 1964 245 2028 Nam
262 1979 296 2030 ut
309 1966 409 2033 ferult
423 1966 520 2031 caedas
534 1966 677 2029 meritum
694 1967 808 2051 majora
821 1965 924 2029 subire
1038 1968 1098 2028 110

164 2050 312 2128 Verbera,
330 2074 391 2115 non
408 2074 523 2129 vereor,
540 2074 636 2137 quum
651 2051 743 2128 dicas,
760 2073 826 2115 esse
840 2072 993 2136 parceres

166 2135 262 2201 Furta
277 2137 452 2214 latrociniis,
469 2150 501 2201 et
516 2137 636 2223 magnis
650 2159 744 2222 parva
757 2136 883 2206 mineris

166 2220 258 2286 Falce
274 2224 440 2287 recisurum
455 2223 546 2286 simili
561 2236 602 2299 te,
619 2223 645 2287 si
662 2222 716 2287 tibi
732 2245 861 2309 regnum

165 2307 352 2373 Permittant
366 2309 514 2373 homines.
560 2309 594 2373 Si
609 2309 705 2385 dives,
721 2310 774 2394 qui
789 2309 912 2395 sapiens
926 2318 983 2384 est,

166 2392 209 2457 Et
222 2408 306 2459 sutor
321 2394 428 2470 bonus,
446 2409 478 2459 et
491 2394 572 2458 solus
586 2394 746 2470 formosus,
762 2404 795 2458 et
809 2408 856 2458 est
868 2416 941 2469 rex;
1038 2396 1099 2457 115

167 2478 233 2542 Cur
247 2493 344 2565 optas,
357 2480 440 2565 quod
456 2478 573 2545 habes?
596 2480 669 2544 Non
685 2480 775 2557 nosti,
788 2480 862 2566 quid
877 2491 974 2566 pater,
986 2478 1098 2564 inquit,
1164 2495 1168 2499 ’

166 2564 279 2651 Chrysi
302 2588 359 2651 pus
374 2567 474 2631 dicat:
499 2567 630 2651 Sapiens
645 2566 782 2651 crepidas
795 2565 854 2629 sibi
869 2588 932 2629 nun
958 2586 1037 2642 uam,

166 2650 236 2715 Nec
250 2589 347 2715 soleas
361 2652 452 2727 fecit3
474 2666 559 2715 sutor
573 2664 676 2716 tamen
691 2664 738 2716 est
751 2652 882 2737 sapiens.
927 2588 1017 2726 dui?

168 2736 225 2813 Ut,
242 2738 380 2823 quamvis
396 2751 477 2802 tacet
494 2737 721 2823 Hermogenes,
736 2752 842 2802 cantor
857 2749 960 2801 tamen
974 2747 1068 2823 atque

165 2822 312 2907 Optimus
327 2836 373 2888 est
388 2822 576 2899 modulator;
601 2837 636 2887 ut
651 2823 783 2886 Alfenus
797 2822 892 2900 vafer,
909 2821 993 2886 omni
1021 2825 1099 2885 ’110

166 2908 301 2993 Abjecto
315 2910 519 2974 instrumento
533 2910 616 2985 artis,
633 2908 796 3009 clausisque
812 2907 949 2985 taberud,
1191 2898 1199 2919 ‘

169 2994 262 3058 Sutor
277 3011 358 3060 erat:
382 2995 503 3080 sapiens
518 2996 619 3080 operis
633 2994 678 3058 sic
692 3010 826 3080 optrmus
840 2994 939 3058 omnis

169 3079 226 3144 Est
240 3081 345 3166 opifex
359 3082 451 3157 solus,
468 3082 511 3145 sic
526 3102 592 3144 rex.
638 3080 769 3144 Vellunt
782 3079 838 3144 tibi
855 3079 978 3143 barbam

169 3165 291 3230 Lascivi
307 3168 414 3254 pueri3
430 3189 507 3253 quos
523 3182 556 3231 tu
570 3168 604 3231 ni
618 3167 699 3231 fuste
715 3188 846 3241 coerces,

168 3251 300 3339 Urgeris
317 3253 405 3318 turbis
420 3254 533 3317 circum
549 3266 580 3317 te
595 3264 705 3330 stante,
722 3252 877 3336 miserque
1042 3253 1101 3314 125

170 3336 337 3424 Rumperis
352 3353 384 3404 et
399 3339 499 3416 latras,
515 3360 696 3426 magnorum
712 3338 844 3401 maxime
859 3358 968 3421 regum
983 3336 992 3400 l

169 3422 219 3486 Ne
235 3424 362 3511 longum
378 3426 503 3490 faciam:
527 3424 600 3487 dum
615 3438 648 3488 tu
664 3423 833 3508 quadrante
849 3421 983 3486 lavatum

170 3506 242 3572 ltex
257 3511 324 3588 ibis,
341 3534 444 3597 neque
459 3523 490 3574 te
505 3510 667 3594 quisquam
682 3509 810 3594 stipator
823 3507 875 3570 ine
899 3521 965 3571 tum

168 3592 286 3659 Praeter
302 3597 481 3684 Crispinum
495 3594 678 3670 sectabitur3
701 3607 733 3657 et
747 3591 823 3657 mibi
837 3530 944 3659 dulces
