2442 4059
153 216 214 282 120
484 213 768 262 INTERPRETATIO.
787 242 791 247 ·
1029 213 1100 278 [sta.

183 368 243 424 78-
249 367 287 415 83.
306 362 440 428 [quatenus]
459 365 506 412 cre.
519 367 566 412 Sat.
579 363 600 415 l.
614 364 635 419 l,
646 363 686 411 84.
703 363 834 415 ‘Quoniam
846 363 941 425 quidem
954 379 998 410 nos
1008 379 1098 422 omnes,

151 448 210 492 quos
223 432 293 478 Stoici
306 441 390 491 praeter
406 432 473 476 illum
490 445 558 476 suum
576 430 706 489 sapientem
719 430 855 490 perlectum,
871 431 954 476 stultos
966 427 1100 493 (ἄφρονας.

152 495 276 556 ἠλιθίους,
292 493 411 559 φαύλους,
431 493 494 542 Stob.
513 497 541 541 E.
558 495 601 541 Ph.
614 495 638 554 2,
648 493 672 549 ³1,
688 495 786 554 passim)
804 508 887 540 vocare
903 495 987 550 solent,
1005 511 1019 540 a
1035 497 1100 543 vitiis

152 577 247 622 prossus
263 563 362 607 liberare
381 575 422 606 nos
439 575 487 606 non
507 574 638 620 possumus,
653 560 737 618 quidni
755 573 833 605 veram
851 560 965 605 rationem
982 569 1006 606 et
1023 561 1099 620 aequi-

153 636 224 673 tatem
236 626 260 671 in
273 625 428 685 dijudicandis
439 639 466 670 ac
477 625 602 685 puniendis
617 625 716 670 aliorum
734 624 852 670 erroribus
866 625 1004 684 delictisque
1018 627 1099 685 sequi·

152 687 445 752 muri-[tepidumque]
462 691 547 749 ‘atque
558 693 587 736 ob
598 689 623 735 id
635 704 712 748 neque
728 691 757 735 ab
774 690 832 734 bero
849 703 891 735 nec
906 703 921 735 a
937 690 1041 735 convivis
1049 693 1099 750 jam

152 757 303 815 gustandum,
326 757 367 801 sed
387 755 459 801 servis
481 754 679 815 relinquendum!
714 750 845 816 [baleam]
874 755 934 799 Cum
964 756 1100 802 Scholiastis

153 822 216 866 bunc
228 835 270 880 pro
283 821 315 866 M.
330 821 432 866 Antistio
450 821 566 876 Labeone,
584 819 766 864 celebratissimo
785 830 865 880 postea
882 819 950 874 tcto,
966 822 1101 880 incorrupta

153 887 260 932 libertate
279 885 366 944 insigni
387 885 442 931 Tae.
464 885 529 932 Ann.
550 885 573 940 3,
594 885 633 939 75,
655 885 776 930 babemus.
809 886 870 930 Sane
892 886 1044 930 statuendum
1065 893 1101 931 est

153 951 217 996 hunc
241 951 372 996 Labeonem
395 950 466 996 etism
488 959 544 1014 tunc
566 951 679 1009 juvenem
706 950 807 994 necdum
834 949 941 994 doctrina
968 950 1100 1009 ceterisque

153 1015 245 1060 meritis
262 1016 350 1061 clarum
368 1015 494 1074 aliquando
511 1023 606 1076 propter
624 1014 698 1059 levius
715 1015 826 1060 delictum
844 1029 935 1059 seruum
948 1015 1008 1060 adeo
1019 1029 1100 1061 severe

154 1081 257 1140 punisse,
276 1089 302 1126 ut
312 1095 392 1144 ‚prope
412 1095 454 1140 pro
470 1088 549 1125 mente
566 1087 634 1140 capto
650 1079 824 1125 baberetur.—
834 1079 907 1137 [inter
922 1076 1002 1140 sanos]
1020 1081 1100 1140 ‘apud

154 1160 231 1200 sanos,
243 1161 256 1190 a
267 1145 346 1190 sams!

187 1210 290 1257 83-89,
311 1207 430 1271 [Quanto]
446 1208 551 1259 ‘Quodsi
568 1209 651 1255 insane
668 1217 767 1255 tractare
783 1223 906 1269 possumus
923 1209 959 1254 vel
976 1223 1064 1265 servos,
1074 1209 1100 1255 io

154 1290 220 1334 quos,
232 1290 304 1335 quum
317 1275 389 1320 nostri
401 1275 456 1330 sint,
467 1275 583 1334 quidlibet
593 1289 666 1335 prope
678 1275 740 1329 licet,
751 1282 839 1334 quanto
856 1275 929 1334 major
945 1283 981 1319 est
999 1273 1100 1330 insania,

154 1341 174 1386 si
192 1351 287 1400 propter
304 1355 341 1385 res
358 1339 444 1384 nullius
459 1339 572 1384 momenti
589 1339 683 1399 capitali
700 1340 754 1385 odio
770 1339 932 1399 persequimur
947 1338 1102 1385 amicost—

156 1402 222 1466 [ltoc]
248 1405 325 1464 ‘quod
348 1405 427 1450 statim
449 1403 541 1450 dicam)
570 1404 614 1450 Est
634 1404 756 1460 nominat,
778 1418 825 1449 non
847 1403 940 1449 ablatis.
975 1405 1045 1463 Seqq.
1067 1405 1102 1451 sic

154 1471 293 1524 ordinanda,
307 1479 332 1515 ut
344 1484 380 1514 vv.
388 1471 493 1529 paullum
503 1469 600 1529 deliquit
616 1471 702 1515 arnicas
719 1479 761 1530 pro
778 1468 863 1529 protasi
880 1469 1027 1515 habeantur:
1045 1469 1101 1514 ‘ubi

156 1549 180 1594 p.
198 1536 220 1580 d.
238 1535 275 1589 a,'
294 1548 329 1580 vv.
345 1536 539 1594 quod-insuauia
555 1533 629 1593 (quod
648 1534 693 1579 nisi
711 1535 828 1580 condones
844 1541 868 1578 et
887 1533 1001 1592 ignoscas,
1018 1534 1101 1580 merito

155 1607 179 1644 te
190 1613 271 1644 omnes
283 1599 438 1644 nominabunt
449 1599 619 1644 intractabilem
630 1609 655 1644 et
664 1597 794 1657 morosum)
805 1615 810 1643 :
827 1613 869 1658 pro
881 1599 1023 1657 parenthesi,
1035 1615 1101 1645 acer·

157 1664 260 1711 bascat.
279 1678 321 1722 pro
337 1664 440 1723 apodasi.
475 1660 614 1724 [Rusonem]
632 1663 760 1710 ‘Octavius
782 1665 847 1710 Ruso
866 1665 963 1709 acerbos
984 1663 1102 1710 fenerator

155 1743 206 1774 esse
235 1729 349 1780 traditum
378 1728 441 1773 idem
468 1729 566 1788 scriptor
594 1729 758 1774 historiarum’
792 1727 1102 1790 Porphyr.—(Cognomen

157 1793 222 1838 Ruso
243 1793 288 1838 luit
310 1793 467 1847 Octaviorum,
489 1792 654 1850 Calvisiorum,
674 1790 817 1853 Ostiorum.)
851 1793 874 1838 ls
895 1793 967 1851 igitur
986 1794 1102 1840 invitabat

155 1858 281 1912 debitores,
293 1858 322 1902 ad
334 1857 463 1902 audiendas
474 1873 527 1903 suas
538 1858 662 1913 historias;
680 1857 721 1917 qui
738 1873 811 1918 quum
827 1859 938 1904 solvendo
954 1873 1002 1904 non
1014 1867 1100 1914 essent,

157 1922 223 1980 quasi
242 1921 314 1967 coacti
332 1931 399 1966 erant
416 1922 475 1967 tristi
492 1923 623 1968 recitationi
634 1924 722 1977 adesse,
734 1939 764 1969 ne
775 1923 840 1968 illum
852 1923 1005 1969 offenderent.
1040 1921 1101 1984 [Ca-

156 1983 242 2048 lendoe]
261 1987 308 2033 Cir.
328 1987 403 2046 Epod.
423 1987 446 2039 2,
464 1985 489 2032 in
509 1987 564 2032 fine.
599 1984 753 2049 [Mercedem]
778 1989 874 2034 ‘usuras
895 1997 936 2034 astt
956 1989 1103 2034 sortem’-

158 2048 312 2112 [undeunde]
330 2066 372 2110 pro
388 2052 573 2110 ‘undecunque'
608 2050 729 2114 [Porrecto
738 2051 836 2114 jugulo]
854 2053 920 2112 quasi
937 2053 1031 2113 captivi,
1048 2052 1101 2112 qui-

116 2147 119 2152 ·
156 2119 200 2163 bus
211 2126 281 2177 caput
292 2125 441 2165 truncatutus
452 2125 488 2162 est
499 2116 579 2163 victor.
588 2142 622 2150 —
630 2114 762 2179 [historias]
782 2117 834 2164 lloc
843 2118 967 2175 significat,
982 2119 1103 2163 Rusonem

157 2182 283 2243 pessimum
295 2184 430 2240 scriptorem
445 2180 581 2228 historicum
591 2197 641 2228 sua
652 2183 727 2229 atatis
738 2183 816 2229 luisse.
825 2207 858 2216 —
867 2180 958 2245 [audit]
977 2182 1104 2229 Recitandi

157 2261 245 2293 morem
256 2247 382 2292 induxerat
395 2246 488 2293 Asinius
500 2247 580 2294 Pollio.

189 2313 293 2360 stt—92.
312 2309 476 2374 [anteparta]
493 2312 581 2358 Stoicos
597 2312 679 2373 irridet
690 2313 751 2367 ideo,
762 2313 818 2372 quia
833 2313 884 2358 baec
900 2327 981 2358 eorum
997 2311 1105 2360 doctrina

157 2378 237 2421 omnia
248 2387 341 2436 peccata
351 2391 401 2422 esse
410 2378 475 2436 paria
483 2391 564 2423 eorum
573 2386 699 2424 sectatores
707 2379 732 2423 in
741 2377 897 2438 dijudicandis
904 2377 1003 2422 aliorum
1013 2377 1105 2423 delictis

158 2442 287 2486 severiores
304 2443 401 2487 reddere
419 2443 514 2488 solebat.
548 2442 626 2488 Stoica
642 2443 714 2501 igitur
730 2442 836 2488 doctrina
852 2451 996 2502 quantopere
1013 2451 1104 2488 naturas

158 2505 268 2550 humanas
280 2514 401 2563 repugnet,
416 2506 583 2566 Epicureorum
599 2509 739 2553 sententiam
756 2508 895 2567 opponendo
912 2508 1106 2552 demonstrat.—

160 2564 236 2629 [fere]
257 2568 437 2629 Particulresere
453 2580 476 2617 et
483 2568 559 2631 serrae
570 2571 694 2630 designant
705 2572 729 2618 id
741 2575 804 2632 quod
819 2572 846 2617 lit
860 2588 903 2618 non
915 2573 1007 2618 turbato
1017 2573 1104 2627 maine,

158 2649 203 2680 non
221 2635 321 2679 admissd
340 2637 470 2689 mutatione,
486 2639 511 2682 r'n
530 2637 589 2681 omni
609 2638 818 2696 tempore—Quod
837 2636 988 2682 Heindordus
1011 2638 1106 2696 supplet

78 2733 81 2744 .
159 2700 241 2752 omnio,
252 2698 328 2743 inesse
339 2708 416 2758 posset
429 2700 454 2744 in
464 2701 514 2760 ipso
518 2697 580 2760 fere,
592 2703 633 2746 sed
642 2701 666 2746 id
677 2717 724 2748 non
736 2703 838 2762 pertinet
849 2703 878 2747 sd
886 2704 963 2761 paria,
975 2701 1104 2760 significat·

160 2777 206 2821 que
217 2773 351 2808 consuetam
364 2779 411 2810 rem
424 2762 535 2825 (Hand).
569 2766 668 2825 Anglioe
682 2776 772 2812 vertas:
787 2769 915 2828 generally,
926 2768 950 2812 t'n
959 2767 1105 2826 general.-

162 2823 292 2888 [lobornnt]
311 2828 368 2887 ‘ipsi
381 2843 426 2874 non
438 2830 489 2876 sine
500 2831 602 2890 quddam
615 2832 721 2877 molestis
738 2833 842 2878 sentiunt
859 2847 930 2891 quam
947 2831 1065 2877 contraria
1074 2831 1107 2877 sit

161 2892 232 2938 vero!
242 2914 275 2923 -
285 2889 386 2954 [uenum]
404 2896 454 2951 τήν
471 2891 562 2942 οὐσίαν
579 2896 632 2943 τῶν
648 2893 816 2959 πραγμάτων,
833 2897 947 2958 ‘reolltyl
967 2897 1032 2942 ‘real
1048 2892 1106 2954 lile!

160 2981 194 2991 -
203 2953 305 3018 [sensus]
324 2958 468 3004 ‘communis
478 2960 616 3007 bominum!
650 2962 709 3008 Aliis
720 2963 812 3007 videtur
822 2963 882 3021 plur.
890 2986 924 2994 —
933 2958 1020 3022 [justi]
1037 2964 1105 3022 ‘quse

161 3023 227 3082 quasi
240 3029 321 3075 mater,
334 3022 357 3067 id
370 3032 412 3077 est,
424 3023 475 3069 lons
486 3035 556 3084 atque
566 3026 632 3085 origo
638 3027 697 3086 justi
709 3035 770 3072 recte
781 3026 826 3072 dici
838 3027 930 3086 potest!

193 3085 296 3134 93-98.
317 3086 390 3135 Quum
405 3086 577 3150 prorepserunt]
597 3091 651 3136 Loci
669 3091 757 3137 similes
774 3091 804 3136 de
821 3092 896 3150 primo
907 3090 1031 3137 bominum
1042 3099 1106 3136 statu

162 3161 217 3196 sunt
237 3151 317 3196 Critiae
339 3151 410 3196 Bacis.
430 3167 453 3213 p.
473 3153 511 3200 56.
535 3155 678 3201 Moschionis
700 3157 763 3216 apud
781 3157 845 3201 Stob.
868 3157 896 3202 lt.
917 3156 957 3201 Pb.
975 3156 991 3200 i.
1009 3170 1033 3215 p.
1050 3155 1106 3215 24⁰,

164 3216 196 3263 lt.
217 3214 309 3261 Lucret.
327 3216 350 3270 b,
370 3215 426 3268 788.
454 3217 544 3264 Vitrua
566 3219 589 3274 2,
612 3217 895 3282 l.-[prinss's—terris]
921 3222 992 3266 ‘nond
1013 3220 1105 3267 tellare’

166 3281 260 3327 Lucret.
271 3281 286 3326 l.
299 3277 494 3342 t—[ontmotta]
512 3283 541 3328 de
559 3282 693 3331 hominibus
710 3285 831 3346 inprimis
847 3286 958 3346 loquitur.
987 3280 1105 3346 [Mutant]

166 3345 230 3391 ‘sine
241 3345 321 3402 lingui
333 3345 471 3390 articulatim
489 3346 598 3393 distincti
612 3358 637 3394 et
653 3350 683 3394 ad
699 3365 736 3396 res
754 3351 868 3396 notandas
885 3350 955 3411 apti!
989 3350 1028 3396 Sic
1038 3356 1107 3396 rasta

151 3449 152 3453 ,
164 3409 240 3455 beatu
254 3410 301 3457 Cic.
311 3410 341 3456 de
354 3407 421 3455 i'inn.
433 3408 454 3465 l,
464 3409 502 3456 21.
511 3433 543 3444 ·-
551 3407 645 3474 [meas]
657 3415 792 3460 ‘brutorum
803 3414 877 3460 instar
886 3416 977 3461 ratione
985 3413 1106 3460 carentes!

163 3495 196 3506 -
204 3471 334 3536 [glandem]
347 3475 412 3532 Virg.
421 3475 464 3520 Ge.
478 3474 498 3529 l,
511 3474 540 3521 ll:
557 3473 649 3535 (Liberi
661 3487 684 3524 et
694 3477 799 3540 Cereris)
807 3495 897 3527 munere
908 3481 974 3527 tellus
983 3481 1108 3525 Obsonia·

161 3538 245 3596 pingui
259 3541 366 3599 glandem
385 3541 480 3585 mutauit
496 3541 578 3586 aristd.
607 3542 751 3591 vomuit
775 3545 883 3592 Homines
903 3547 975 3592 ueteri
995 3558 1057 3590 more
1082 3550 1108 3589 st

159 3596 221 3660 sera
243 3603 267 3648 in
288 3606 350 3650 siluis
372 3610 396 3651 at
415 3604 527 3664 melanem
548 3611 571 3651 st
591 3609 717 3654 aanombss
737 3611 889 3656 naseelomur
909 3611 1001 3670 ciboque
1019 3609 1109 3670 agresti

164 3667 270 3713 mendo
294 3671 364 3714 attans
392 3667 648 3734 erigebant-[sess]
677 3671 839 3734 ‘indigentia'
869 3670 1111 3736 Sobel-[nerla-
