2442 4059
156 281 216 347 158
322 247 326 256 ’
485 259 767 334 tarantasmum.
1025 285 1097 353 [m.

186 435 225 490 60,
244 433 282 482 61.
306 432 409 497 [Fufius]
430 435 525 482 Fufium
542 437 668 482 Phocaeam
683 433 717 497 (l)
736 443 803 482 vocat
818 435 907 498 Porplr.
942 438 1034 487 llistrio
1050 441 1101 502 liic,

153 515 226 560 quum
240 501 339 546 llionam
349 503 378 546 ab
389 502 474 546 umbra
487 501 590 561 Deiphili
605 501 648 546 lilii
662 501 896 561 expergefaciendam
912 513 994 563 ageret
1010 505 1100 562 ebrius,

153 579 180 612 re
198 567 254 611 veri
272 580 354 612 somno
372 580 497 624 oppressus
519 567 639 625 crapulam
660 567 792 621 edormirit,
813 567 847 613 ita
866 576 892 613 ut
911 569 1032 625 Catienus,
1056 571 1099 630 qni

154 630 258 690 Deiphili
271 639 348 690 partes
361 633 453 690 agebat,
471 646 526 676 eum
542 630 722 690 expergefacere
737 629 1024 696 nequiret-[edoma]
1042 649 1099 694 per-

152 694 248 741 fectum.
267 697 351 755 Porptr.
386 697 414 741 ln
425 695 530 741 oratione
547 697 633 749 soluta,
653 694 810 742 ‘edormiret'
840 697 959 758 Hyginus,
972 700 1027 745 rat:
1043 699 1098 756 loa,

153 762 169 786 ‘⁸
179 761 410 819 PriamoPolydorur
422 760 484 806 filius
493 775 523 806 ex
534 759 633 806 Hecubi
644 775 717 819 quum
729 769 790 806 esset
800 769 878 816 natus,
887 764 970 808 llionae
982 764 1037 809 filice
1048 779 1099 811 sun

153 825 270 871 dederunt
281 840 336 871 eum
347 825 503 880 educandum,
513 840 565 885 quse
575 825 754 884 Polymnestori,
761 827 811 885 regi
819 827 946 883 Thracum,
953 837 1004 874 erat
1014 837 1099 888 nupta,

154 904 224 949 quem
235 889 276 935 illa
286 905 329 949 pro
339 889 388 935 filio
399 903 442 935 suo
452 890 569 936 educavit.
591 888 730 948 Deiphilnm
741 898 828 946 autem,
839 906 910 950 quem
921 907 951 938 ex
960 893 1100 954 Polymnes-

153 961 203 1000 tore
214 963 382 1013 procreaverat,
394 969 436 1014 pro
447 969 489 1000 suo
500 954 571 1001 fratre
582 954 699 1011 educavit,
713 963 741 1000 ut
751 955 772 1000 ai
787 956 854 1001 alteri
867 971 948 1003 eorum
961 958 1019 1017 quid
1030 957 1099 1015 foret,

152 1019 289 1079 parentibus
305 1027 434 1078 praestaret.
468 1019 514 1064 Sed
532 1033 605 1078 quum
624 1019 708 1065 Achivi
725 1020 796 1080 Troja
812 1022 880 1080 capti
898 1023 990 1080 prolem
1008 1023 1099 1069 Priami

153 1085 282 1144 exstirpare
293 1084 465 1140 vellent,—-ad
477 1083 679 1143 Polymnestorem
694 1085 783 1143 legatos
797 1086 920 1139 miserunt,
937 1086 978 1145 qni
996 1087 1019 1132 ei
1031 1087 1099 1147 Aga-

152 1150 284 1195 memnonis
299 1149 371 1195 filiam
387 1149 482 1194 nomine
499 1148 797 1208 Electrampollieerentur
810 1150 836 1194 in
851 1152 987 1210 conjugium
1005 1159 1030 1197 et
1046 1153 1100 1199 anri

152 1227 263 1273 magnam
272 1215 370 1274 copiam,
378 1214 397 1259 si
408 1215 558 1274 Polydorum,
568 1213 654 1259 Priami
664 1213 748 1269 fllium,
755 1214 916 1261 interfecisset
936 1216 1100 1276 Polymnestor

152 1277 283 1337 legatorum
295 1279 356 1324 dicta
368 1293 415 1324 non
426 1278 567 1338 repudiavit,
580 1278 771 1338 Deiphilumque,
784 1280 858 1324 lilium
870 1295 947 1334 snum,
959 1280 1099 1340 imprudens

151 1344 244 1400 occidit,
259 1344 374 1390 arbitrans
388 1358 413 1388 se
424 1343 575 1403 Polydorum,
586 1342 662 1388 filium
673 1343 768 1398 Priami,
782 1344 952 1399 interfecisse,”
966 1346 1008 1392 &a
1042 1347 1098 1394 Jam

151 1409 216 1468 apud
227 1409 354 1454 Pacuvium
367 1408 471 1466 Deiphili
485 1410 568 1454 umbra
587 1407 713 1454 dormienti
725 1408 807 1455 Ilionae
821 1424 894 1468 quum
909 1420 1042 1470 appareret,
1059 1411 1099 1458 ltin

151 1473 271 1520 versiculis
282 1487 335 1518 eam
346 1474 522 1532 alloquebatur3
537 1473 624 1528 Mater,
634 1480 656 1520 te
666 1474 763 1534 appello,
770 1488 821 1534 qaae
831 1489 908 1520 curam
919 1490 995 1521 sorano
1002 1491 1099 1536 saepen-

151 1553 200 1584 sam
210 1539 278 1593 kens,
290 1539 369 1598 Neque
380 1540 456 1584 meite
467 1539 572 1585 miserete
589 1553 658 1599 sarge
669 1540 771 1598 strepeti
785 1542 883 1585 muns!
915 1537 976 1600 (Cic.
990 1541 1060 1587 'fusa
1074 1541 1099 1598 1,

152 1600 202 1662 44.)
227 1603 272 1648 litt
283 1610 363 1648 autem
374 1603 510 1662 experrecti
521 1603 572 1648 haec
582 1603 778 1662 proloquebatur;
795 1606 853 1665 Age,
864 1605 941 1660 adsto,
949 1619 1022 1661 mae,
1031 1607 1098 1664 ωόό,

151 1668 264 1714 iteradum
275 1669 397 1714 eodemmet
409 1671 456 1714 isto
466 1669 540 1714 milti!
573 1665 660 1728 (Acad.
671 1669 694 1723 2,
704 1665 757 1727 27.)

183 1731 222 1778 64,
242 1728 352 1792 [ueteres]
374 1733 466 1778 Horatii
481 1740 586 1792 tempore
597 1733 727 1792 sculptores
739 1732 798 1778 nihil
810 1732 859 1779 fere
870 1733 924 1779 novi
936 1733 1101 1791 inveniebant,

150 1797 193 1842 sed
207 1811 235 1842 eo
249 1798 352 1842 contenti
367 1805 442 1852 erant,
458 1805 485 1843 ut
501 1797 665 1856 antiquissima
680 1797 824 1856 exemplaria
838 1813 910 1857 quam
924 1800 1100 1846 accuratissime

150 1861 307 1908 imitarentur.
341 1862 456 1911 Quocirca
467 1861 544 1917 flebat,
557 1870 583 1906 ut
594 1869 701 1908 veterum
711 1861 827 1907 artificum
839 1865 954 1922 usquead
966 1864 1099 1910 Alexandri

152 1926 185 1972 M.
198 1935 291 1971 aetatem
303 1939 374 1984 opera
385 1927 436 1985 ipsa
446 1926 471 1971 in
483 1927 533 1972 dies
544 1926 672 1973 studiosius
684 1935 852 1986 quaererentur.

121 1995 123 1998 '
183 1990 286 2045 fili-70.
305 1987 433 2051 [pr-cerens]
452 1991 597 2050 ‘propitius'
633 1991 764 2038 Mercurius
781 1992 857 2037 omnis
872 1993 931 2038 lucri
947 1993 1023 2046 dator,
1042 2006 1098 2052 rep-

151 2050 221 2119 ipiocv
228 2079 260 2090 -—
269 2050 374 2116 [Scribe]
390 2057 468 2101 ‘Cura
476 2055 610 2101 scribendas
622 2057 665 2100 tibi
676 2070 691 2101 a
698 2057 805 2102 debitore
815 2057 896 2102 decem
909 2059 1008 2111 tabulas,
1017 2057 1043 2103 id
1053 2065 1099 2115 est,

151 2121 298 2181 syngraphas
310 2116 411 2179 (boeda),
424 2120 505 2180 quales
518 2133 533 2165 a
544 2119 625 2175 Nerio,
643 2119 732 2166 famoso
751 2122 814 2166 illius
829 2123 942 2182 temporis
956 2122 1098 2180 feneratore,

151 2194 226 2232 morte
241 2187 367 2246 conjugum
383 2185 534 2244 locupletato,
552 2184 635 2230 dictari
653 2185 731 2230 solent
746 2187 897 2242 debitoribus,
916 2188 993 2248 plence
1006 2187 1099 2234 mutio·

151 2252 224 2299 num!
233 2275 264 2286 --
273 2247 301 2311 [o
313 2246 398 2312 Nerio]
417 2251 583 2306 commodatae,
602 2258 630 2295 ut
642 2249 692 2295 cic.
703 2251 734 2296 ad
747 2253 796 2297 Att.
813 2250 850 2306 to,
867 2251 891 2306 7,
907 2254 1005 2298 edictum
1019 2253 1067 2314 legi
1082 2267 1100 2299 a

151 2315 226 2364 Bruto
249 2315 403 2378 (acceptum).
429 2315 540 2362 Permula
560 2322 641 2364 autem
661 2314 712 2360 haec
733 2324 797 2361 erat:
816 2317 848 2361 L.
871 2317 947 2363 Titius
963 2319 1047 2376 scripsi
1063 2332 1099 2364 aas

150 2384 263 2441 occepisse
279 2397 294 2427 a
309 2381 337 2426 P.
349 2381 432 2427 Meuia
449 2381 576 2441 quindecim
590 2385 669 2425 mutuo
685 2387 805 2427 numerato
819 2382 875 2426 milri
888 2383 917 2428 de
934 2381 1098 2428 ἀπα-Ρα-

150 2445 234 2501 rillius,
252 2446 288 2492 cui
301 2454 396 2504 propter
407 2445 557 2505 asperitatem
568 2452 592 2490 et
607 2444 789 2490 amaritudinem
799 2459 930 2503 cognomen
940 2453 992 2492 erat
1004 2446 1099 2500 Ofente,

149 2509 267 2556 fenerator
278 2511 367 2555 cautior
379 2510 450 2555 etiam
462 2510 543 2566 Nerio,
558 2516 701 2568 quapropter
715 2518 811 2555 vocatur
825 2511 927 2566 aedom,
940 2511 997 2570 ‘qui
1007 2511 1098 2571 optime

151 2574 220 2620 callet
231 2576 304 2621 nodos
316 2582 340 2619 et
352 2575 447 2634 laqueos
457 2574 537 2633 legum
548 2587 575 2619 ac
586 2572 740 2619 formularum
747 2574 809 2634 Juris
820 2574 910 2620 civilia!

183 2638 222 2694 7l,
234 2640 271 2693 72.
287 2633 433 2700 [sceleratus]
453 2638 529 2684 Petita
539 2645 575 2684 est
585 2638 664 2696 imago
674 2653 705 2684 ex
713 2639 798 2698 Odyss.
810 2640 838 2684 Δ.
850 2638 906 2697 455,
919 2639 960 2685 ubi
973 2638 1099 2687 Menelaus

150 2703 261 2750 Proteum
274 2703 372 2750 vinculis
388 2705 484 2750 tandem
498 2703 590 2764 injectis
601 2703 723 2749 vaticinari
738 2704 782 2749 sibi
793 2705 874 2763 adigit.
884 2705 1014 2764 -fiopera
1024 2704 1100 2767 injus

150 2769 210 2814 collo
220 2770 311 2814 obtorto
323 2769 407 2814 licebat
418 2769 443 2813 in
454 2768 554 2828 publicis
565 2767 610 2813 viis
621 2768 760 2818 debitorem,
777 2769 818 2828 qui
832 2769 950 2827 judicium
966 2769 1099 2826 deserebat,

150 2834 283 2879 cautionem
305 2833 384 2878 datam
402 2832 630 2890 subterfugiens-
652 2831 858 2895 nath-alienis]
887 2835 972 2893 Odyss.
991 2834 1021 2880 Υ.
1041 2833 1100 2891 345,

149 2892 331 3024 stataet}
344 2891 897 3024 attuatttttamtaatai
915 2894 1101 3026 “mittit

151 3022 232 3090 cpiam
242 3021 385 3088 Aarpodptv
397 3027 555 3090 πίμπλαντο·
570 3022 635 3090 γόον
644 3023 666 3074 δ’
678 3024 749 3073 ὀίετο
759 3023 849 3090 θυμός.
883 3029 971 3073 Verum
984 3029 1099 3075 Horatius

150 3094 267 3139 diversam
288 3093 411 3151 proverbio
433 3091 630 3152 significationem
652 3092 749 3138 tribuit:
776 3093 824 3138 ‘ita
846 3092 931 3148 ridere,
954 3106 982 3138 ac
1002 3093 1024 3138 si
1045 3093 1099 3153 qnia

150 3159 181 3204 ad
202 3157 328 3204 ridendum
349 3164 455 3204 uteretur
476 3158 616 3204 buccinna
636 3158 690 3217 aaa
711 3157 753 3203 sed
773 3157 874 3212 alienis’
896 3158 986 3214 idest,
1009 3159 1100 3205 ‘effuse

150 3223 244 3270 ridere!

183 3286 286 3342 74-76.
307 3282 378 3348 [mole
391 3299 439 3333 rem
447 3281 540 3347 gerere]
559 3285 631 3331 etiam
647 3285 711 3346 apud
723 3285 772 3332 Cic.
784 3285 835 3331 Cat.
848 3284 871 3340 7,
889 3286 1001 3332 dicantar
1012 3286 1039 3342 ii,
1057 3287 1100 3347 qai

150 3353 319 3412 patrimonium
337 3365 406 3397 suum
426 3347 747 3411 prodigunt-[Perimes]
765 3351 829 3396 idem
848 3351 890 3409 qui
908 3365 980 3410 supra
997 3352 1100 3400 ridiculo

151 3419 290 3477 cognomine
300 3418 388 3464 Cicuta.
395 3439 428 3449 --
436 3411 570 3476 [dictantis]
586 3414 686 3460 debitori
698 3415 813 3461 cautionis
824 3414 957 3471 formulam,
965 3430 1038 3475 quam
1048 3429 1100 3463 ser·

151 3483 215 3528 ravit
226 3483 316 3530 comm.
328 3483 415 3540 crum:
433 3491 524 3526 scarae
541 3490 697 3524 caurrouaar
710 3491 761 3524 rao
777 3491 811 3526 aa
827 3491 951 3526 asconis.
960 3477 1100 3542 ·-[mcra'·

153 3543 217 3654 pere]
235 3554 257 3593 to
268 3563 356 3609 capey,-
373 3561 416 3606 per
426 3543 586 3604 argentarium
597 3543 703 3589 debitum
720 3544 818 3601 mirere,
829 3544 853 3590 h.
864 3559 885 3591 e.
896 3545 1011 3605 scriptum
1024 3545 1101 3592 debiti

163 3609 261 3656 iberare.

185 3673 288 3728 77-81.
307 3672 407 3738 [togam]
426 3679 570 3734 componunt
588 3673 614 3720 in
635 3672 710 3734 plicas
728 3673 846 3734 discipuli,
868 3674 909 3734 qui
931 3673 1057 3722 consident
1074 3674 1101 3722 in
