2442 4059
376 265 617 315 uersnonunum
638 270 706 314 mn.
721 271 759 314 n.
775 253 806 316 2.
1019 254 1058 314 91

121 417 210 496 Quin
227 421 318 486 etiam
334 433 424 488 canet
437 422 605 500 indoctum,
621 421 675 487 sed
690 422 780 487 dulce
796 421 923 487 bibenti.

122 505 228 571 Multa
243 506 334 570 fidem
350 508 497 593 promissa
511 509 625 586 levant,
642 509 695 572 ubi
711 506 832 594 plenius
846 531 938 595 aequo
1021 511 1060 571 10

120 591 245 658 Laudat
259 594 392 672 venales,
410 595 464 680 qui
481 596 548 660 vuit
563 595 736 671 extrudere,
753 616 880 659 merces.

121 676 189 742 Res
206 691 297 764 urget
311 702 360 744 me
376 681 479 744 nulia:
503 704 572 745 meo
587 704 655 745 sum
672 702 788 767 pauper
802 680 834 744 in
850 703 921 745 mre.

120 761 226 827 Neruo
241 765 299 829 hoc
313 788 501 849 mangonum
517 768 633 832 faceret
647 767 702 831 tibi
715 790 723 842 3
746 789 808 829 non
824 783 941 830 temere
955 789 975 830 a
989 789 1039 830 me

121 847 235 924 Quivis
250 852 344 916 ferret
358 851 459 916 idem:
483 853 577 916 semel
593 853 644 916 hic
658 853 796 929 cessavit,
813 865 854 929 et,
871 866 907 918 ut
920 852 965 932 fit,

122 934 161 998 ln
176 936 264 1000 scalis
279 937 369 1002 latuit
384 950 524 1002 metuens
539 939 703 1024 pendentis
717 937 854 1005 hubenae.
1022 942 1060 1002 15

120 1019 191 1085 Des
206 1045 355 1099 nummos,
373 1038 502 1111 excepta
517 1024 593 1088 nihil
609 1038 640 1088 te
654 1025 680 1088 si
694 1025 769 1110 fuga
783 1024 886 1089 laedit’

121 1105 181 1170 Ille
198 1107 275 1172 ferat
289 1109 420 1195 pretium
438 1133 538 1194 poenae
552 1133 687 1187 securus,
704 1110 822 1195 opinor.

121 1191 265 1258 Prudens
281 1196 381 1261 emisti
397 1196 557 1260 vitiosum:
581 1197 663 1262 dicta
677 1196 733 1260 tibi
748 1209 796 1260 est
810 1195 880 1260 lex:

121 1277 300 1365 insequeris
316 1295 419 1346 tumen
435 1281 518 1347 hunc
532 1295 564 1347 et
578 1282 632 1347 lite
648 1282 773 1346 moraris
788 1279 920 1368 iniqui?

119 1362 202 1429 Dixi
218 1389 267 1430 me
282 1367 403 1453 pigrum
420 1368 625 1454 proficiscenti
641 1367 707 1444 tibi,
723 1367 789 1431 dixi
1017 1371 1061 1431 20

121 1448 155 1513 T
154 1451 254 1516 alibus
269 1453 375 1517 officiis
390 1476 485 1539 prope
500 1477 663 1530 mancum3
687 1477 727 1517 ne
741 1475 811 1518 mea
824 1474 923 1518 saevus

117 1535 270 1638 Jurgares
284 1540 323 1604 ud
338 1554 369 1604 te
384 1541 467 1626 quod
482 1540 612 1626 epistola
627 1539 712 1604 nulla
726 1540 856 1604 veniret.

122 1620 210 1696 Qnd
226 1635 290 1688 tum
306 1625 433 1711 proieci,
451 1648 570 1690 mecum
585 1625 731 1689 facientia
739 1627 813 1710 jura

122 1707 160 1770 Si
175 1721 277 1774 tumen
292 1710 449 1778 attentas?
493 1711 643 1788 Quereris
657 1733 750 1813 super
764 1710 823 1775 hoc
837 1709 940 1790 etiam,
956 1710 1041 1797 quod

121 1792 312 1881 Exspectata
327 1797 382 1862 tibi
398 1820 460 1861 non
475 1799 593 1863 mittam
610 1820 744 1862 carmruu
758 1798 901 1862 mendax.
1018 1802 1061 1861 25

121 1878 248 1945 Luculli
264 1882 351 1947 miles
366 1882 494 1950 collecta
508 1882 618 1950 viatica
632 1883 737 1949 multis

121 1966 296 2045 AErumnis,
312 1969 408 2033 lassus
422 1969 495 2034 dum
511 1981 603 2034 noctu
619 1970 729 2046 stertit,
744 1968 784 2034 ad
797 1991 896 2034 assem

121 2053 323 2131 Perdiderat;
346 2054 487 2141 posthoc
501 2056 669 2120 vehemens
683 2057 783 2142 lupus,
801 2068 833 2120 et
846 2055 904 2120 sibi
920 2065 953 2119 et
967 2051 1047 2118 hosti

120 2140 223 2204 Iratus
238 2140 362 2224 pariter,
374 2142 492 2227 jejunis
506 2142 651 2206 dentibus
664 2165 746 2216 acer,

122 2225 307 2291 Praesidium
322 2227 425 2313 regaie
441 2226 507 2292 ioco
522 2227 645 2314 dejecit,
663 2240 697 2291 ut
709 2227 806 2303 aiunt,
1019 2229 1061 2289 30

123 2311 252 2376 Summe
269 2313 388 2378 munito
403 2325 435 2378 et
449 2313 612 2378 multarum
628 2313 723 2377 divite
737 2335 850 2376 rerum.

122 2396 234 2462 Clarus
249 2398 289 2462 ob
304 2399 335 2462 id
350 2399 465 2464 fuctum
479 2399 568 2464 donis
582 2411 707 2464 ornatur
722 2397 877 2470 honestius

120 2483 297 2570 Accipitet
312 2483 357 2548 bis
372 2485 452 2549 dena
466 2509 558 2572 super
573 2483 714 2550 sestertia
727 2484 899 2549 nummum.

123 2569 218 2636 Forte
233 2570 290 2634 sub
306 2569 364 2635 hoo
378 2581 499 2657 tempus
515 2571 674 2636 castelium
689 2583 829 2635 evertere
844 2581 956 2656 praetor

122 2653 239 2721 Nescio
255 2656 338 2742 quod
353 2657 490 2742 cupiens,
507 2657 622 2722 hortari
637 2657 733 2743 coepit
747 2656 881 2740 eundem
1018 2660 1061 2720 35

121 2741 247 2821 Verbis,
264 2764 334 2828 quau
349 2743 456 2808 timido
471 2766 596 2830 quoque
610 2755 736 2829 possent
750 2742 863 2807 addere
878 2755 1034 2808 mentem:

122 2828 170 2904 Ἰ,
187 2831 267 2906 tone,
282 2852 339 2916 quo
353 2833 450 2894 uirtus
463 2841 516 2894 tuo
530 2841 557 2893 te
571 2840 657 2894 uocat
664 2853 677 2903 ,·
700 2832 713 2891 i
721 2830 919 2912 pedefhuato,

123 2913 268 2980 Grandia
283 2917 399 2980 laturus
412 2919 583 2979 meritorum
592 2917 731 2998 premio.
778 2916 864 2992 Quid
875 2913 973 2978 stas?

122 2999 201 3064 Post
215 2999 282 3066 haec
295 3000 348 3064 ilie
363 3012 457 3077 catus,
474 3001 671 3088 quantumvis
685 2999 825 3076 rusticus,
842 3001 932 3077 ‘loia
1034 3066 1038 3071 ,

119 3086 184 3149 Itu
197 3111 239 3163 eo,
256 3110 312 3174 quo
326 3090 381 3164 vis,
397 3093 451 3174 qui
463 3111 569 3152 zonam
576 3087 734 3172 perdidit‚’
749 3086 860 3173 inquit
1019 3088 1061 3146 to

123 3170 236 3238 Romae
250 3173 360 3238 nutriri
376 3173 449 3236 mihi
466 3173 605 3259 contigit,
621 3186 716 3258 atque
731 3171 844 3250 doceri,

120 3255 224 3323 Iratus
237 3258 342 3323 Graiis
357 3273 505 3346 quantum
522 3259 678 3323 nocuisset
692 3258 840 3323 Achilles.

120 3343 278 3429 Adjecere
294 3345 383 3410 bonae
396 3345 488 3430 paulo
503 3345 572 3431 plus
586 3345 661 3410 artis
676 3344 822 3421 Athenae,

121 3429 250 3495 Scilicet
265 3442 300 3495 ut
314 3453 434 3517 possem
450 3454 542 3495 curvo
557 3431 739 3517 dignoscere
754 3444 881 3504 rectum,

120 3518 230 3602 Atque
246 3517 328 3580 inter
341 3516 433 3581 silvas
448 3516 598 3582 Academi
614 3539 753 3602 quaerere
768 3536 884 3578 verum.
1019 3517 1061 3575 45

120 3601 214 3667 Dura
227 3602 283 3667 sed
298 3623 440 3666 emovere
455 3602 523 3667 loco
536 3624 586 3666 me
603 3614 744 3687 tempora
756 3611 854 3686 grato,
