2442 4059
143 238 188 299 68
391 254 632 299 nnrsrouanum
655 253 723 297 nn.
739 254 764 299 1.
781 238 832 299 lo.

143 404 203 469 Est
218 405 271 470 ubi
286 406 421 492 depellat
435 429 557 471 somnos
572 406 675 471 minus
688 405 793 471 invida
807 405 906 473 cura?

143 490 294 557 Deterius
311 492 438 578 Libycis
453 492 517 557 olet
530 503 584 557 aut
598 492 678 557 nitet
692 492 788 557 herba
801 492 939 579 lapillis?

144 577 257 641 Purior
271 579 303 641 in
318 578 394 642 vicis
408 602 489 663 aqua
504 578 605 644 tendit
619 601 762 665 rumpere
777 579 950 665 plumbum,
1043 584 1086 644 20

144 663 248 737 Quam
260 687 330 748 quae
345 687 400 750 per
415 688 546 751 pronum
560 664 694 751 trepidat
708 688 777 728 cum
793 688 950 735 murmure
964 664 1086 730 rivum?

143 748 269 833 Nempe
284 750 365 814 inter
380 751 478 815 varias
492 751 627 815 nutritur
641 751 719 815 silva
732 751 898 828 columnas,

143 834 366 921 Laudaturque
381 836 499 913 domus
516 838 626 924 longos
641 860 711 921 quae
726 837 874 923 prospicit
886 858 987 923 agros.

143 920 296 985 Naturam
311 923 449 1009 expellas
463 923 560 999 furcd,
576 936 680 988 tamen
696 945 794 1007 usque
809 935 955 1001 recurret,

144 1004 189 1071 Et
202 1008 282 1071 mala
296 1022 476 1094 perrumpet
489 1010 595 1074 furtim
611 1009 733 1073 fastidia
747 1008 867 1073 victrix.
1043 1014 1087 1073 25

55 1138 57 1143 -
144 1090 228 1169 Nou,
246 1094 300 1178 qni
317 1094 446 1159 Sidonio
460 1094 649 1160 contendere
665 1094 793 1159 callidus
808 1107 890 1160 ostro

144 1176 255 1244 Nescit
270 1180 459 1264 Aquinatem
475 1180 614 1268 potantia
627 1181 742 1245 vellera
755 1181 871 1257 fucum,

145 1263 269 1329 Certins
283 1266 414 1353 accipiet
430 1267 586 1343 damnum,
602 1267 767 1353 propiusve
782 1266 935 1343 medullis,

145 1349 249 1424 Quam
264 1352 396 1437 quinon
411 1352 525 1438 poterit
538 1376 613 1417 vero
628 1352 818 1440 distinguere
832 1353 952 1417 falsum.

145 1435 251 1511 Quem
266 1460 315 1502 res
330 1439 399 1524 plus
413 1439 510 1503 nimio
525 1439 718 1504 delectavere
733 1438 888 1521 secundae,
1043 1444 1086 1504 30

146 1522 280 1588 Mutatae
295 1524 445 1610 quatient.
491 1525 526 1591 Si
541 1525 617 1611 quid
631 1524 793 1603 mirabere,
809 1547 906 1611 pones

145 1607 276 1673 Invitus.
310 1610 400 1697 Fuge
415 1634 547 1698 magna:
570 1611 645 1675 licet
658 1610 716 1675 sub
731 1634 868 1697 paupere
883 1621 966 1675 tecto

146 1694 253 1780 Reges
268 1707 300 1761 et
314 1719 424 1783 regum
440 1697 504 1763 vitel
519 1720 706 1783 praecurrere
721 1698 845 1761 amicos.

146 1778 266 1845 Cervus
281 1805 396 1867 equum
412 1783 518 1884 pugnd
534 1783 643 1850 melior
658 1782 872 1847 communibus
880 1781 990 1848 -berbis

145 1865 298 1944 Pellebat,
315 1867 414 1932 donec
428 1891 528 1933 mmor
542 1868 575 1933 in
591 1868 759 1933 certamine
774 1869 869 1955 longo
1042 1873 1086 1933 35

145 1951 328 2038 Imploravit
342 1976 417 2039 opes
431 1954 573 2031 hominis,
588 1955 774 2040 frenumque
789 1953 923 2039 recepit:

147 2037 210 2101 Sed
225 2051 388 2125 postquam
403 2039 500 2104 victor
514 2040 634 2105 violens
648 2040 788 2105 discessit
801 2039 841 2104 ab
856 2040 953 2118 hoste,

111 2142 115 2151 ·
146 2123 220 2187 Non
235 2126 374 2210 equitem
388 2126 487 2203 dorso,
503 2149 566 2190 non
581 2126 704 2190 frenum
718 2125 839 2211 depulit
853 2148 915 2189 ore.

147 2209 209 2287 Sic,
226 2212 280 2297 qui
295 2212 476 2298 pauperiem
490 2212 607 2277 veritus
621 2212 740 2297 potiore
755 2211 886 2275 metallis

145 2295 308 2373 Libertate
323 2311 416 2376 caret,
425 2298 592 2375 ¹dominnm
606 2298 693 2363 vehit
707 2297 875 2383 improbus,
891 2308 985 2383 atque
1042 2302 1086 2361 40

149 2381 271 2447 Serviet
285 2398 444 2462 aeternum,
461 2384 535 2470 quia
548 2406 643 2470 parvo
657 2384 775 2448 nesciet
790 2384 845 2447 uti.

148 2466 211 2531 Cui
224 2491 285 2535 non
303 2471 467 2535 conveniet
481 2494 537 2535 sua
550 2493 609 2547 res,
626 2481 662 2535 ut
675 2470 795 2534 calceus
809 2469 893 2545 olim,

149 2552 183 2616 Si
198 2554 278 2639 pede
293 2558 390 2641 major
405 2556 473 2633 erit,
489 2557 666 2632 subvertet3
689 2556 715 2620 si
729 2555 839 2632 minor,
857 2565 933 2619 uret.

146 2638 256 2704 Laetus
270 2653 351 2705 sorte
366 2642 419 2706 tud
434 2643 521 2706 vives
536 2642 702 2727 sapienter,
720 2640 837 2705 Aristi:

148 2723 218 2787 Nec
232 2748 282 2789 me
297 2726 432 2792 dimittes
445 2727 674 2812 incastigatum,
691 2726 744 2791 ubi
759 2726 849 2813 plura
1044 2727 1087 2789 45

149 2808 273 2897 Cogere
288 2835 382 2897 quarn
395 2814 468 2879 satis
483 2818 539 2891 est,
555 2836 591 2877 ac
605 2836 669 2878 non
684 2835 802 2877 cessare
817 2811 954 2876 videbor.

148 2894 286 2981 Imperat
299 2911 354 2963 aut
368 2900 462 2965 servit
477 2900 605 2964 collecta
619 2899 751 2986 pecunia
765 2897 889 2983 cuique,

148 2981 282 3045 Tortum
298 2984 392 3085 digna
405 2986 494 3071 sequi
509 2988 611 3072 potius
627 3008 719 3071 quam
735 2984 847 3048 ducere
862 2984 980 3047 funem.

150 3066 230 3132 Haec
245 3068 300 3133 tibi
315 3069 467 3136 dictabam
484 3084 554 3158 post
567 3073 674 3137 lanum
688 3084 778 3157 putre
791 3068 938 3146 Vacunae,

149 3151 301 3240 Excepto,
318 3157 401 3241 quod
416 3180 478 3222 non
493 3158 584 3222 simul
600 3180 692 3236 esses,
709 3168 812 3244 cetera
826 3156 924 3222 laetus.
1046 3158 1087 3219 50
