2442 4059
370 281 609 327 urrsronanum
633 282 699 327 mu.
717 284 755 327 rr.
774 267 801 328 l.
1012 271 1053 331 89

118 432 224 510 Quum
240 450 323 500 recte
338 444 471 500 tractent
485 434 548 514 alii,
564 434 688 500 laudare
704 435 858 537 maligue3

116 519 175 584 llle
192 543 247 606 per
261 531 420 585 extentum
437 521 541 586 funem
559 520 634 586 mihi
649 545 737 607 posse
753 523 875 586 videtur
990 527 1054 587 210

117 604 167 670 Ire
183 619 284 692 poeta,
301 629 402 670 meum
418 607 472 692 qui
486 619 594 694 pectus
608 608 741 673 inaniter
754 609 853 695 angit,

117 691 232 773 Irritat,
246 692 369 768 mulcet,
387 692 469 758 falsis
485 694 651 759 terroribus
666 694 783 779 implet,

118 777 165 842 Ut
179 801 298 864 magus,
316 792 347 845 et
362 778 452 843 modo
468 802 517 844 me
533 779 662 856 Thebis,
679 780 770 844 modo
784 779 873 865 ponit
888 778 1031 844 Athenis.

116 862 235 927 Verum
250 888 319 952 age,
337 864 441 942 ethis,
458 865 510 951 qui
526 888 559 930 se
575 865 682 929 lectori
697 866 823 930 credere
838 866 967 940 malunt,

117 949 221 1025 Quam
237 951 416 1036 spectatoris
431 952 552 1016 fastidia
566 953 647 1015 serre
662 951 797 1037 superbi,
990 955 1053 1014 215

117 1035 232 1100 Curam
248 1037 341 1103 redde
357 1037 490 1115 brevem,
507 1037 532 1103 si
549 1060 660 1102 munus
676 1037 824 1123 Apolline
839 1036 968 1123 dignum

116 1121 174 1185 vis
189 1124 343 1206 complere
357 1121 453 1200 libris,
469 1137 501 1188 ct
515 1124 636 1188 vatibus
649 1123 762 1188 addere
778 1124 886 1199 calcar,

118 1207 166 1273 Ut
180 1208 282 1273 studio
295 1211 412 1295 majore
427 1221 535 1295 petant
552 1209 707 1274 Helicona
721 1210 883 1274 virentem.

117 1292 223 1358 Multa
237 1295 363 1380 quidem
379 1295 468 1359 nobis
482 1295 611 1360 facimus
627 1295 705 1359 mala
719 1317 802 1382 saepe
817 1306 918 1381 poetas

117 1378 295 1464 (Utrineta
306 1393 431 1467 egomet
444 1380 557 1446 caedum
573 1384 669 1463 mea),
680 1403 775 1467 quum
793 1381 848 1447 tibi
864 1380 976 1446 librum
990 1384 1054 1444 220

117 1465 257 1531 Sollicito
272 1466 389 1544 damus,
405 1479 460 1531 aut
474 1467 571 1542 fesso;
594 1489 690 1552 quum
707 1467 855 1542 laedimur,
873 1489 969 1531 unum

117 1551 153 1614 Si
168 1552 237 1638 quis
251 1553 418 1617 amicorum
434 1564 482 1616 est
495 1575 586 1616 ausus
601 1553 787 1637 reprendere
805 1576 945 1631 versum3

116 1637 223 1712 Quum
240 1639 305 1702 loca
315 1639 381 1724 jam
397 1639 524 1703 recitata
538 1638 722 1703 revolvimus
737 1639 915 1714 irrevocati3

116 1722 224 1798 Quum
240 1724 453 1802 lamentamur,
471 1747 531 1788 non
547 1747 695 1810 apparere
711 1724 832 1790 labores

116 1809 257 1888 Nostroa
274 1823 306 1876 et
321 1811 407 1875 tenui
422 1810 554 1875 deducta
567 1824 710 1896 poemata
724 1810 794 1888 lilo;
990 1815 1054 1874 225

116 1894 225 1970 Quum
240 1919 408 1982 speramus,
425 1918 541 1961 eorem
557 1909 729 1974 venturam,
746 1908 789 1973 ut,
805 1896 990 1983 simulatque

115 1980 265 2047 Carmina
280 1982 418 2046 rescieris
434 2004 488 2048 nos
504 1982 633 2070 lingere,
650 1984 828 2048 commodus
843 1982 924 2047 ultro

113 2068 273 2144 Amemus,
290 2080 323 2132 et
337 2091 431 2156 egere
446 2081 541 2145 vetes,
558 2081 590 2134 et
603 2068 737 2133 scribere
753 2092 853 2156 cogas.

115 2153 179 2218 Sed
196 2167 297 2218 tamen
315 2167 363 2218 est
375 2177 477 2239 operae
491 2154 624 2239 pretium
640 2177 836 2240 cognoscere,
853 2156 960 2241 quales

113 2238 265 2305 AEdituos
279 2239 391 2304 habeat
406 2239 478 2304 belli
493 2253 630 2326 spectata
644 2239 790 2326 domique
992 2245 1054 2306 230

112 2325 235 2402 Virtus,
252 2325 380 2412 indigno
395 2349 456 2390 non
472 2325 693 2390 committenda
709 2340 817 2408 poetae.

113 2410 234 2476 Gratus
250 2411 430 2476 Alexandro
445 2411 512 2512 regi
529 2411 651 2497 Magno
667 2410 725 2476 fuit
739 2411 792 2476 ille

113 2496 283 2574 Choerilus,
299 2497 423 2562 incultis
438 2520 492 2582 qur
507 2498 646 2562 versibus
660 2510 692 2561 et
708 2497 786 2561 male
802 2497 882 2562 natis

114 2582 255 2648 Rettulit
268 2595 419 2669 acceptos,
436 2583 541 2666 regule
556 2583 716 2659 nomisma,
736 2583 906 2668 Philippos.

114 2668 180 2733 Sed
195 2670 292 2733 veluti
309 2680 436 2734 tractata
450 2684 553 2734 notam
570 2669 734 2755 labemque
749 2670 912 2735 remittunt
992 2674 1055 2735 235

111 2755 310 2831 Αιηιωεηω,
328 2757 391 2819 fere
406 2755 569 2841 scriptores
584 2755 718 2820 carmine
734 2755 816 2819 loedo

114 2840 288 2926 Splendida
303 2842 382 2906 facta
397 2841 507 2906 linunt
553 2840 641 2905 Idem
657 2864 712 2904 rex
728 2841 790 2917 ille,
809 2862 918 2925 poema

112 2925 182 3002 Qui
198 2938 258 2991 tam
275 2927 436 2991 ridiculum
455 2941 515 2991 tam
532 2948 601 2990 cure
617 2926 763 3013 prodigus
778 2927 863 3004 emit,

111 3011 228 3094 Edictp
243 3013 352 3091 vetuit,
369 3013 542 3099 nequisse
558 3026 670 3097 praeter
686 3012 820 3097 Apellen

112 3097 277 3184 Pingeret,
293 3113 348 3163 aut
361 3099 440 3163 alius
457 3098 596 3184 Lysippo
612 3099 739 3162 duceret
752 3120 814 3163 aera
992 3102 1055 3160 240

113 3183 218 3248 Fortis
234 3184 407 3249 Alexandri
422 3184 539 3248 vultum
555 3183 740 3248 simulantia.
785 3184 905 3259 Quodsi

108 3269 132 3334 J
135 3269 270 3334 udicium
287 3271 400 3335 subtile
416 3270 555 3334 videndis
569 3270 686 3334 artibus
701 3269 776 3334 illud

109 3356 165 3420 Ad
182 3355 276 3421 libros
291 3358 375 3421 etad
391 3356 456 3420 haec
472 3356 635 3420 Musarum
650 3356 731 3420 dona
745 3377 879 3430 vocares,

110 3441 262 3507 Boeotium
279 3442 310 3505 in
327 3464 426 3506 crasso
437 3444 557 3529 jurares
571 3464 643 3506 aere
658 3453 775 3506 uatum.

110 3529 159 3591 At
175 3551 278 3612 neque
294 3528 479 3592 dedecorant
494 3541 546 3591 tua
561 3527 599 3591 dc
615 3550 649 3592 se
660 3527 779 3612 judicia
793 3537 887 3608 atque
992 3528 1055 3589 245

111 3613 263 3691 Munera,
280 3635 351 3699 quac
365 3613 462 3678 multi
477 3612 577 3679 dantis
592 3635 662 3677 cum
678 3611 768 3676 laude
784 3609 932 3686 tulerunt,
