2442 4059
38 3644 50 3669 Q

182 254 248 317 218
510 253 795 301 irremissam
1024 250 1126 316 [nm.

183 406 325 451 mu
347 400 781 465 mmmm-[uuo]
806 403 1127 464 ‘aomanorum

183 470 329 516 villicos’-
338 468 392 531 [m
403 478 446 520 est,
462 466 499 529 st]
517 468 561 514 oris
575 467 629 515 ἔστι
646 464 779 527 (emme)
793 464 873 526 bruc,
887 469 954 513 ‘fieri
970 469 1039 514 nullo
1055 471 1127 515 modo

184 536 277 595 potest!
295 536 342 580 cn.
355 536 399 579 Od.
409 536 434 587 3,
447 534 469 587 l,
479 535 503 587 9,
521 536 564 580 Est
575 542 601 579 at
611 537 660 579 eirs
669 537 705 579 cir
714 536 785 579 letius
792 537 930 579 cribet—
944 530 1026 594 [usas]
1044 536 1127 593 Oppo-

185 601 250 645 uitur
266 602 389 657 mancipio.
420 600 469 645 Cic.
481 599 512 643 ad
529 600 592 643 Faus
604 598 629 652 7,
639 599 679 651 1),
694 601 805 653 Attica,
819 597 886 658 cujas
895 602 999 659 quaein
1007 602 1129 658 propriu

186 661 938 723 uesoemribisnneipisetmsamnteumetfnets,
953 666 1130 710 munimine

185 745 242 775 sure.
275 731 305 775 ld
323 733 382 775 eri·
400 737 435 775 est
449 726 563 788 cujusque,
582 744 627 789 quo
646 730 740 788 quisque
752 724 847 787 fruita
865 735 935 789 etque
953 730 1080 773 ditm-
1091 726 1131 789 [Si

185 791 272 855 matri]
297 795 404 839 fortasse
430 793 571 839 meminerat
590 793 710 845 Horatius,
729 807 840 837 versuum
859 792 1006 851 Theognidis
1022 792 1083 847 719,
1101 794 1130 839 B·

182 854 254 905 Ἶσόν
266 874 305 905 ros
320 856 484 913 πλουτοῦσιν,
497 854 548 917 ὅτῳ
564 856 647 912 πολὺς
661 853 769 919 ἄργυρός
778 855 847 903 ἔστιν
859 854 910 902 Koi
921 855 1017 919 χρυσὸς
1027 857 1070 903 sni
1081 858 1131 920 γῆς

187 922 330 985 πυροφόρου
347 918 565 982 adinflans&
585 920 686 983 ἡμίονοί
702 935 739 977 re,
756 922 798 967 sui
814 916 836 981 qi
851 920 884 967 cd
898 918 990 967 δέοντα
1002 918 1131 982 πάρεστιν

188 988 281 1048 l'aorpi
304 1003 331 1034 re
350 988 392 1034 roi
414 985 535 1047 τλεῦραις
555 988 597 1033 sai
620 984 698 1033 rosis
718 982 788 1046 ἁβρὰ
811 984 904 1033 παθεῖν
925 983 1024 1043 Παιδὸς
1045 984 1069 1034 τ’
1085 982 1129 1045 ἡδὲ

188 1050 314 1115 γυναικός.
323 1078 355 1086 -
363 1050 487 1114 [pedihus]
507 1054 514 1074 ‘
525 1052 544 1097 si
556 1053 661 1111 podagri
670 1066 718 1097 uon
729 1052 836 1097 laboras!

220 1118 306 1171 7-1o.
325 1114 365 1179 [Si
377 1116 455 1179 sorte]
472 1118 527 1163 tam
537 1117 650 1175 sapientis
665 1117 825 1176 temperantia
835 1116 972 1175 exemplum
982 1116 1067 1162 affert:
1086 1118 1094 1141 ‘
1104 1117 1131 1163 Si

181 1179 254 1243 sorte,
270 1183 296 1227 id
312 1184 374 1242 quod
393 1199 440 1229 non
459 1196 502 1242 pro
516 1190 580 1227 certo
594 1181 664 1227 scio?
681 1179 715 1241 (r.
726 1179 791 1241 sorte
804 1182 901 1225 minime
911 1181 1131 1241 preterridendurn

188 1248 250 1307 ostz)
265 1250 353 1307 ‘quum
364 1248 422 1293 cibis
435 1247 574 1293 lautioribus
589 1247 651 1292 rcsci
664 1245 731 1291 facilc
747 1247 789 1291 tibi
800 1246 888 1301 liceret,
902 1254 983 1291 umen
993 1247 1129 1293 crbcteuins¹

190 1312 236 1371 (pr.
248 1312 277 1357 de
290 1314 352 1365 rino,
368 1313 406 1359 hic
417 1312 482 1357 etde
499 1312 551 1357 cibo
561 1320 584 1357 et
596 1311 625 1356 de
637 1308 722 1371 potu:)
740 1311 846 1356 ‘sobrius
859 1325 941 1356 manes
950 1325 979 1355 ae
990 1311 1050 1356 viris
1060 1312 1129 1371 legu-

188 1377 292 1422 minibus
309 1378 457 1435 oleribusque
471 1384 542 1436 atque
560 1377 624 1421 inter
641 1376 692 1420 bec
706 1375 745 1420 vel
755 1376 838 1431 urfid,
854 1390 922 1434 tque
935 1390 1007 1435 paron
1022 1385 1047 1422 et
1062 1377 1129 1422 tenui

190 1443 254 1487 rictu
271 1442 342 1487 etiam
357 1442 477 1501 prmirss'
495 1441 522 1499 (i.
533 1454 554 1485 e.
571 1443 655 1500 ‘porro
661 1447 685 1486 et
694 1443 743 1487 siae
756 1441 935 1495 mimbsiosel
952 1440 1016 1485 Nou.
1026 1456 1051 1500 p.
1061 1439 1130 1499 ³75),

189 1507 229 1551 ‘in
240 1516 379 1565 perpetuum
390 1508 470 1562 uteris,
488 1506 559 1550 eliam
570 1506 590 1550 si
601 1506 679 1551 subito
694 1506 759 1551 dives
769 1505 844 1551 factus
855 1506 908 1560 eris,
921 1506 960 1551 vel
975 1506 1033 1565 quia
1044 1508 1129 1551 naturi

191 1572 253 1615 ultro
271 1579 403 1631 temperans
421 1586 454 1627 es,
475 1570 513 1616 rel
531 1570 634 1630 quises
652 1569 720 1614 firmo
738 1571 856 1629 proposito
874 1570 978 1616 abstines
994 1585 1010 1615 a
1026 1570 1127 1625 luxurii,

190 1643 218 1680 ut
228 1636 348 1695 sapientia
359 1636 480 1696 praceptis
491 1634 709 1681 satisfacias'-ln
719 1635 791 1680 aredio
804 1637 884 1693 posita
898 1643 954 1680 sunt
963 1649 1011 1689 res,
1029 1649 1129 1694 quarum

190 1708 293 1759 potestas
310 1702 376 1745 nobis
391 1711 427 1746 est
444 1715 471 1746 ac
488 1700 548 1745 liber
559 1715 661 1745 usus.-
670 1694 771 1759 [artiori]
789 1700 832 1744 Est
847 1698 944 1745 omnino
960 1701 1045 1759 planta
1060 1700 1130 1759 huius

191 1764 300 1819 nominis,
320 1766 367 1823 qui
385 1766 439 1811 ltali
455 1766 526 1811 etiam
540 1779 603 1809 nunc
619 1779 682 1819 vere,
698 1764 756 1809 dum
773 1772 854 1810 tenera
869 1772 913 1818 est,
931 1765 994 1809 vesci
1008 1766 1130 1811 interdum

190 1829 279 1881 solcum
297 1843 344 1874 uon
360 1830 435 1875 urtica
451 1830 542 1874 marina
554 1829 659 1874 Medusa
669 1842 752 1889 genus,
768 1844 821 1887 qua
831 1830 856 1874 in
870 1828 973 1887 opipsris
990 1830 1132 1888 pontificum

191 1893 263 1939 coenis
274 1895 442 1953 apponebatur.
474 1894 560 1939 Herbis
570 1904 649 1939 autem
659 1900 683 1939 et
693 1896 769 1939 artiori
779 1894 867 1939 dictum
877 1902 921 1949 est,
935 1902 962 1938 ut
974 1894 1019 1939 Od.
1029 1894 1051 1945 l.
1061 1894 1131 1950 iza,

191 1959 254 2005 siloa
265 1964 288 2003 et
303 1974 404 2018 quercus.
444 1958 511 2003 Orid.
525 1958 582 2003 Met.
596 1959 633 2013 lo,
649 1958 704 2012 261,
720 1966 744 2004 et
754 1959 824 2017 flores
834 1960 895 2005 mille
905 1959 1002 2005 colorum
1014 1960 1132 2021 liliaque.

192 2047 225 2056 -
235 2019 284 2083 [at]
298 2023 374 2078 ‘licet,
385 2022 508 2081 quamvis?
520 2037 568 2067 non
578 2017 631 2068 ‘ivm
639 2048 671 2057 -
680 2019 795 2083 [innaret]
808 2024 917 2082 Suspicor
924 2025 1042 2084 proverbii
1053 2025 1131 2069 locurn

192 2088 320 2135 obtinuisse
342 2088 452 2133 Fortunae
470 2100 567 2132 aureum
586 2088 671 2141 rivum,
692 2088 717 2132 in
739 2102 809 2147 quem
829 2089 868 2133 ubi
890 2088 943 2147 quis
964 2103 989 2133 sc
1007 2089 1132 2144 immersit,

192 2150 316 2212 confestim,
333 2153 357 2198 id
377 2161 420 2211 est,
441 2160 536 2211 repente
552 2152 602 2212 ipse
625 2152 690 2196 dives
707 2150 908 2213 iit—[naturast
926 2160 1015 2199 nestore
1032 2156 1132 2212 pecunia

191 2215 276 2279 nescit]
304 2220 311 2243 ‘
330 2218 377 2268 oui
399 2218 484 2263 naturis
509 2216 545 2263 rel
569 2216 620 2261 sine
641 2216 833 2276 philosophorum
853 2218 975 2278 praeceptis
996 2227 1133 2278 temperans

192 2292 235 2339 est,
255 2284 325 2330 etiam
341 2283 405 2330 dives
421 2283 504 2338 sactus,
523 2281 588 2342 prius
606 2281 660 2327 vioe
674 2295 756 2340 genus,
773 2284 841 2329 bona
859 2282 989 2329 valetudini
1003 2284 1074 2329 unice
1090 2299 1133 2343 ap·

192 2356 251 2402 tum,
265 2348 357 2395 servat'

228 2412 329 2459 12-14.
348 2408 486 2473 [Miramur]
504 2410 605 2457 ‘Virtuti
617 2417 697 2456 autem
710 2417 733 2456 te
744 2411 782 2456 rel
793 2411 895 2457 maxime
910 2412 1004 2458 studere
1016 2420 1042 2459 et
1055 2412 1132 2473 philo·

193 2478 282 2535 sophin
300 2479 406 2523 deditum
422 2491 472 2523 esse
490 2477 596 2536 gaudem
613 2476 700 2521 etenim
715 2475 735 2521 si
753 2477 873 2531 miramur,
892 2476 1054 2523 Democritum
1065 2479 1133 2524 illum

194 2555 243 2586 rem
261 2541 401 2587 familiarem
419 2543 449 2587 ob
465 2542 585 2601 sapientiae
603 2541 681 2586 studia
697 2555 791 2600 prorsus
808 2542 947 2601 neglexisse,
965 2542 1042 2587 multo
1058 2544 1134 2602 magis

193 2605 297 2665 profecto
309 2615 331 2651 te
346 2606 489 2652 admiremur
503 2620 597 2651 necesse
611 2613 655 2661 est,
672 2606 712 2664 qui
728 2605 789 2651 inter
805 2608 880 2652 multa
893 2607 989 2663 negotia
1002 2609 1134 2655 necessasia

196 2669 300 2728 quidem,
317 2672 357 2716 sed
370 2671 488 2716 interdum
499 2671 636 2725 sordidiora,
655 2679 681 2716 ut
695 2678 731 2716 est
746 2672 876 2717 tabularum
887 2672 984 2731 expensi
995 2674 1133 2733 acceptique

195 2734 316 2790 confectio,
334 2735 395 2781 inter
414 2735 521 2781 homines
543 2736 645 2795 queestsss
662 2749 688 2780 ac
708 2736 766 2780 lucri
788 2737 892 2795 cupidos,
914 2736 1055 2794 quibuscum
1071 2752 1133 2797 sape

194 2799 281 2844 versari
293 2800 371 2854 debes,
388 2800 540 2845 nihilominus
552 2799 705 2859 philosophia
716 2808 739 2845 et
754 2800 856 2860 physicis
870 2801 954 2846 studiis
963 2801 1052 2847 vacas.¹
1086 2804 1133 2849 Cic.

197 2863 226 2908 de
238 2863 289 2909 Fin.
302 2865 325 2919 b,
343 2866 382 2920 29,
400 2864 447 2909 Cur
457 2872 490 2910 tot
501 2867 574 2911 moria
591 2865 717 2911 transmisit
728 2865 888 2911 Democritus?
903 2867 943 2926 qui
962 2863 1024 2926 (oere
1033 2862 1134 2926 falcone,

197 2942 238 2974 cur
258 2928 437 2988 qaaerercmust)
462 2930 547 2975 dicitur
565 2931 635 2976 oculis
652 2945 675 2976 se
690 2931 808 2989 privasse,·
827 2936 895 2983 certe,
916 2936 1026 2991 utquam
1045 2934 1134 2978 misisse

196 2994 284 3039 animus
292 3008 307 3038 o
318 2995 491 3053 cogitationibus
501 2995 658 3048 obduceretur,
667 2996 827 3054 patrimonium
837 2995 944 3054 neglexit,
956 3010 1024 3055 agros
1035 2996 1135 3043 deseruit

196 3058 338 3103 incultos-
352 3052 464 3118 [peregre
481 3056 527 3119 est]
544 3058 707 3105 ‘meditationi
724 3059 847 3104 immersus
865 3068 890 3104 et
911 3061 978 3118 quasi
999 3070 1135 3121 segregatus

198 3137 213 3169 a
234 3136 337 3182 corpore,
356 3123 435 3181 procul
455 3124 519 3169 abest
540 3137 554 3168 a
570 3126 640 3170 rebus
659 3123 821 3170 terrestribua'
836 3147 869 3157 —
880 3120 966 3184 [velox]
990 3124 1135 3172 ‘interseri

198 3184 301 3249 θεωρίας
318 3187 404 3245 magni
421 3201 474 3231 cum
494 3187 605 3234 facilitate
627 3188 777 3234 versans.'—
787 3184 906 3249 [scabiem]
925 3188 1061 3235 ‘sordidam
1077 3191 1135 3237 alio-

197 3267 251 3298 rum
271 3251 400 3306 avaritiam,
421 3251 560 3308 quibuscum
579 3252 690 3313 Agrippa
709 3253 808 3299 rationes
830 3253 873 3299 tibi
895 3254 1006 3313 putandae
1025 3256 1135 3301 sunt’-

200 3312 330 3379 [contagio]
349 3318 356 3340 ⁴
367 3331 419 3376 qua
429 3316 487 3361 lucri
499 3317 583 3377 cupido
599 3315 676 3364 morbi
686 3319 813 3379 contagiosi
824 3319 897 3365 instar
908 3320 960 3379 jam
970 3333 1045 3379 prope
1055 3335 1134 3367 omncs

196 3381 297 3428 invasit!

232 3446 269 3493 lb.
295 3442 395 3508 [sapias]
422 3443 563 3503 simpliciter
584 3460 627 3505 pro
645 3447 749 3509 φρονῇς,
771 3447 873 3508 cogites!
884 3472 918 3481 -
933 3444 1064 3510 [sablinia]
1081 3446 1134 3495 ‘rd

197 3506 313 3573 pericopa,
326 3510 448 3564 colestia3¹
466 3508 654 3569 ‘philosophiam
666 3511 802 3572 physicam!
827 3513 907 3559 Comus.
921 3514 990 3573 Oruq.

233 3573 332 3621 16-20.
351 3573 421 3636 [Qun
437 3570 510 3635 more]
529 3574 622 3621 Similes
639 3576 685 3621 loci
701 3586 757 3623 sunt
768 3577 832 3637 Virg.
851 3579 894 3624 Ge.
914 3578 938 3637 2,
955 3577 1011 3632 475.
1029 3578 1132 3638 Propert.

200 3634 224 3697 3,
242 3638 265 3693 5,
283 3639 322 3685 25.
348 3640 429 3687 blanil.
450 3639 471 3695 l,
488 3638 566 3687 99.-
579 3635 880 3703 [compescant-temperet]
906 3642 1133 3703 Promittant,
