2442 4059
370 328 611 373 sersromamu
634 327 701 372 nm.
717 330 741 374 1.
756 314 787 374 6.
891 373 893 376 ,
1007 311 1046 374 61

104 478 190 544 Vina
205 477 294 545 bibes
308 480 421 545 iterum
437 480 543 545 Tauro
558 478 668 545 diffusa
682 480 832 566 palustres

104 566 194 631 Inter
211 564 391 633 Minturnas
409 567 692 652 Sinuessanumque
711 567 882 632 Petrinum.
1029 570 1049 630 5
1122 640 1126 649 Ι

106 652 164 716 Sin
180 651 292 717 melius
306 652 380 738 quid
395 652 499 729 habeS,
515 672 644 730 arcesse,
661 653 711 717 vel
726 654 767 717 im
792 653 890 717 crium
905 654 962 718 fer.

102 737 294 802 Jamdudum
309 739 452 824 splendet
465 739 551 803 focus
567 751 599 803 et
614 738 670 802 tibi
685 676 801 803 munda
814 740 968 826 supellex.

104 822 205 889 Mitte
221 824 305 889 leves
319 848 400 912 spes,
417 837 448 891 et
462 824 631 890 certamina
644 824 829 902 divitiarum,

104 908 150 974 Et
167 908 292 974 Moschi
307 934 446 976 causam:
470 933 535 975 cras
550 923 623 975 nato
640 911 762 975 Caesare
777 912 873 976 festus

104 994 174 1060 Dat
188 996 310 1061 veniam
325 1019 529 1083 somnumque
544 995 629 1073 dies3
652 996 779 1083 impune
795 997 900 1064 licebit
1010 1001 1048 1062 10

105 1080 264 1146 AEstivam
279 1104 420 1147 sermone
435 1083 573 1169 benigno
587 1082 715 1147 tendere
730 1095 864 1151 noctem.

107 1166 182 1243 Quo
197 1168 273 1231 mihi
288 1169 452 1244 fortunam,
468 1168 494 1233 si
510 1192 572 1233 non
587 1169 766 1234 conceditur
781 1168 851 1234 uti?

107 1252 225 1319 Parcus
240 1254 280 1319 ob
295 1254 424 1319 haeredis
440 1277 542 1319 curam
558 1253 751 1340 nimiumque
765 1278 891 1321 severus

106 1339 235 1404 Assidet
249 1339 366 1405 insano.
412 1340 524 1405 Potare
539 1351 572 1405 et
585 1363 656 1427 spar
679 1363 731 1405 ere
746 1341 837 1406 flores

107 1425 270 1512 Incipiam,
287 1428 447 1512 patiarque
461 1426 512 1493 vel
526 1365 718 1491 inconsultus
733 1427 848 1491 haberi.
1009 1431 1048 1491 15

106 1511 195 1588 Quid
211 1535 273 1577 non
289 1512 420 1578 ebrietas
434 1511 601 1599 designat?
623 1525 731 1596 operta
745 1512 891 1589 recludit3

107 1600 187 1683 Spes
198 1598 291 1683 jubet
304 1622 371 1664 esse
386 1612 465 1665 ratas
474 1626 482 1676 ;
505 1599 545 1663 ad
560 1597 669 1684 proelia
684 1598 779 1663 trudit
794 1599 945 1677 inertem;

107 1684 256 1749 Sollicitis
270 1685 381 1749 animis
396 1708 473 1749 onus
489 1684 615 1759 eximit3
639 1683 769 1749 addocet
783 1698 881 1749 artes:

107 1769 249 1834 Fecundi
264 1771 374 1835 calices
389 1793 482 1856 quem
498 1793 560 1835 non
575 1771 678 1835 fecere
693 1769 865 1835 disertum?

108 1856 276 1923 Contracta
293 1880 386 1942 quem
402 1880 463 1921 non
479 1857 512 1921 in
527 1867 709 1942 paupertate
724 1855 885 1922 solutum?
1006 1861 1048 1923 20

107 1941 189 2007 Haec
205 1966 264 2029 ego
279 1966 442 2029 procurare
458 1955 490 2007 et
504 1943 633 2007 idoneus
647 1943 791 2028 imperor,
808 1956 841 2009 et
856 1966 917 2009 non

106 2028 240 2105 Invitus,
257 2052 297 2093 ne
313 2040 403 2115 turpe
418 2028 505 2106 toral,
522 2051 562 2092 ne
577 2028 700 2093 sordida
714 2052 827 2116 mappa

108 2114 209 2179 Corru
234 2126 266 2180 et
280 2137 389 2191 nares;
412 2138 451 2179 ne
467 2137 529 2178 non
546 2126 577 2180 et
592 2115 755 2179 cantharus
770 2127 801 2180 et
815 2115 890 2181 lanx

107 2138 263 2265 Ostendat
278 2200 333 2265 tibi
350 2213 397 2276 te;
421 2223 461 2265 ne
476 2200 552 2265 fidos
567 2200 649 2265 inter
663 2201 777 2265 amicos

108 2286 167 2363 Sit,
185 2286 240 2372 qui
254 2286 337 2351 dicta
350 2286 430 2351 foras
445 2286 584 2351 eliminet
594 2311 602 2365 3
627 2298 662 2350 ut
676 2298 764 2351 coeat
779 2309 834 2371 par
1006 2290 1048 2351 25

104 2371 325 2459 Jungaturque
340 2373 415 2458 pari.
462 2373 591 2437 Butram
606 2371 673 2448 tibi,
692 2372 938 2458 Septiciumque,

107 2457 152 2522 Et
167 2458 226 2522 nisi
242 2482 331 2523 coena
344 2459 427 2545 prior
442 2458 604 2544 potiorque
618 2458 722 2543 puella
738 2458 886 2522 Sabinum

106 2542 251 2620 Detinet,
267 2567 435 2609 assumam:
459 2544 545 2608 locus
560 2556 607 2609 est
622 2555 654 2608 et
668 2544 808 2630 pluribus
823 2544 956 2622 umbris3

110 2628 172 2693 Sed
187 2629 279 2694 nimis
293 2642 377 2695 arcta
391 2642 537 2717 pre'munt
551 2629 641 2694 olidae
656 2630 796 2695 convivia
810 2653 919 2717 caprae.

108 2715 172 2792 Tu,
189 2730 302 2802 quotus
317 2739 383 2780 esse
399 2716 484 2793 velis,
501 2716 654 2791 rescribe;
678 2730 720 2792 et,
735 2716 828 2782 rebus
843 2716 971 2795 omissis,
1005 2720 1047 2780 30

107 2802 200 2867 Atria
214 2813 387 2867 servantem
401 2802 520 2888 postico
534 2802 606 2866 falle
622 2802 778 2867 clientem.

309 3190 473 3236 EPISTOLA
487 3193 623 3236 vn-An
646 3193 841 3239 Numerum.

103 3322 162 3388 Nil
176 3321 321 3388 admirari
335 3330 431 3411 prope
446 3348 495 3390 res
510 3338 558 3391 est
573 3349 644 3405 una,
661 3326 799 3404 Numici,

106 3408 254 3495 Solaque,
272 3431 342 3494 quae
356 3411 452 3496 possit
466 3414 567 3477 facere
583 3425 616 3477 et
629 3434 750 3476 servare
766 3412 899 3477 beatum.

106 3494 206 3560 Hunc
220 3494 328 3572 solem,
344 3510 376 3561 et
390 3497 502 3578 stellas,
518 3510 550 3563 et
564 3498 852 3563 decedentia-certis

105 3581 267 3666 Tempora
280 3584 454 3660 momentis,
470 3596 551 3661 sunt,
569 3582 623 3669 qui
637 3583 800 3647 formidine
815 3584 902 3650 nulla

104 3666 225 3733 Imbuti
239 3680 398 3755 spectent:
422 3669 497 3754 quid
512 3690 619 3735 censes
634 3690 762 3732 munera
776 3680 875 3746 terrae,
1029 3678 1049 3737 5
