2442 4059
119 311 172 348 nra.
185 313 214 349 rr.
227 298 262 363 7.]
452 299 734 348 INTltRPRETATIO.
1003 299 1062 363 177

118 452 181 497 male
192 451 265 512 igitur
276 451 348 499 Godd.
360 451 413 510 aliq.
426 449 577 510 Decembris.)
611 452 640 497 In
658 457 771 511 perpetuo
786 449 827 498 illo
842 450 908 510 quasi
925 450 986 497 bello
1002 450 1064 498 inter

119 516 228 563 dominos
247 532 274 563 ac
293 531 377 574 servos,
400 515 432 571 bi,
455 525 480 562 ut
497 516 531 563 ait
548 516 641 563 Arrisn.
660 516 735 576 Epict.
755 516 778 571 4,
798 516 820 573 l,
841 516 880 570 58,
903 517 1064 563 Saturnalibus

120 577 222 642 ἀνοχὰς
237 580 365 642 (inducias)
382 581 506 627 habebant.
541 580 633 627 Horatii
650 581 793 641 temporibus
809 581 985 627 celebrabantur
1001 596 1022 627 a
1040 581 1063 626 d.

119 657 173 691 xvr.
192 647 244 692 Kal.
260 647 313 693 lan.
330 644 455 706 (17.1)ου.)
482 646 528 692 ctr.
542 647 589 692 Sat.
607 647 631 701 2,
646 645 669 700 ³,
684 647 748 692 5,-
758 642 849 709 [urget]
868 645 974 692 ‘naviter
985 659 1063 706 perse·

120 710 218 769 quitur.'
248 711 301 757 Tib.
314 711 336 770 1,
346 712 368 766 9,
380 710 403 768 8,
416 718 482 758 terra
493 712 592 758 rusticus
602 718 670 772 urget
680 726 740 771 opus.
748 733 781 745 -
789 708 879 772 [natat]
897 713 903 736 ⁸
913 711 1004 767 titubat,
1017 711 1065 757 hue

120 784 193 834 atque
203 775 258 821 illuc
272 775 359 825 fertur)

154 841 178 896 tr,
192 841 229 888 1⁰.
248 836 368 906 [Pgiscus]
380 840 450 886 bomo
461 840 561 899 ignotus,
573 838 661 886 ordinis
670 848 747 886 manen
756 839 873 887 senatorii.
890 841 951 894 Jam,
961 839 1000 900 qui
1010 837 1065 887 huic

122 907 282 961 occurrebant,
298 906 443 951 mirabantur
458 920 511 951 eum
529 905 598 951 modo
613 912 659 950 tres
670 907 768 951 annulos
779 914 877 964 gestare,
894 906 962 951 modo
974 904 1064 950 nullum

123 968 229 1016 omnino.
263 970 345 1016 Trium
357 978 435 1015 autern
450 969 540 1016 Hor'atii
558 970 700 1029 temporibus
711 972 761 1030 jam
778 970 863 1016 nimius
878 985 988 1016 numerus
1006 977 1064 1026 erat,

141 1033 165 1079 ui
187 1041 267 1095 postea
286 1049 377 1094 semper
395 1035 473 1080 crevit.
485 1059 517 1068 -
529 1030 673 1096 [inaequalis]
699 1035 746 1081 Cir.
764 1036 812 1081 Sat.
831 1034 852 1088 l,
871 1035 894 1088 3,
911 1036 927 1082 9
947 1042 970 1080 et
988 1035 1066 1082 la-

123 1048 238 1160 ?claoum]
262 1099 351 1158 ‘Modo
368 1106 394 1144 nt
410 1107 503 1145 senator
522 1109 573 1144 erat
591 1099 688 1146 indutus
706 1099 786 1146 tunich
806 1099 931 1155 laticlavia,
952 1100 1022 1146 modo
1038 1106 1066 1145 ut

123 1178 197 1223 eques
209 1164 254 1209 Ru.
265 1179 317 1210 cum
328 1173 427 1223 angusto
438 1162 570 1225 (purpuras)
582 1164 648 1210 clavo
657 1164 780 1224 prodibat'

159 1227 261 1274 13-18.
279 1224 439 1289 [Volanerirre]
458 1229 523 1274 Nihil
544 1229 573 1274 de
593 1229 637 1274 hoc
656 1229 751 1276 bomine
770 1229 865 1275 tradunt
884 1227 1066 1274 Scholiasta.-

124 1290 207 1354 [justo
223 1290 346 1354 cheragra]
365 1293 507 1352 ‘nequitiam
524 1295 574 1353 ejus
590 1293 673 1341 merito
687 1294 807 1354 puniens?
825 1295 889 1340 Pers.
903 1295 926 1350 5,
943 1292 983 1349 60,
999 1308 1067 1358 quare

123 1359 230 1418 lapidosa
240 1360 350 1418 cheragra
361 1355 469 1418 Fregert't
478 1360 592 1404 articulos.
619 1359 748 1424 Utrobique
758 1358 827 1404 metri
838 1360 908 1404 causti
918 1358 1067 1404 scribendum

124 1432 160 1468 est
172 1424 291 1484 cheragra,
304 1437 350 1468 non
362 1425 516 1483 chiragra-
526 1420 661 1484 [Contudit]
673 1423 816 1469 ‘debilitavit
827 1423 893 1468 nodis
904 1423 927 1468 in
940 1422 1066 1480 digitorum

124 1487 230 1538 articulis
241 1486 419 1533 contractis’-
429 1485 559 1549 [Mitteret]
577 1503 590 1533 e
605 1488 692 1543 fritillo,
710 1489 798 1548 pyxide
814 1488 900 1547 ligneh,
917 1488 941 1533 in
960 1488 1008 1546 qud
1025 1486 1066 1532 tali

125 1567 199 1598 manu
217 1552 372 1610 agitabantur,
392 1553 476 1598 deinde
494 1566 523 1598 ex
542 1553 571 1598 eti
588 1552 612 1598 in
629 1553 737 1613 phimum
754 1552 942 1612 conjiciebamus,
961 1553 1020 1598 adeo
1039 1558 1066 1597 ut

126 1618 219 1662 duobus
230 1617 266 1662 his
277 1617 437 1662 instrumentis
447 1616 522 1662 omnis
533 1615 596 1662 fraus
607 1626 730 1664 arceretur.
764 1618 858 1664 Phimes
868 1625 945 1663 autem
956 1616 1068 1662 turricula

125 1689 178 1727 erat
195 1681 309 1741 (Maniai.
331 1681 367 1736 14,
389 1681 429 1739 16)
449 1681 497 1727 sire
520 1696 615 1742 pyrgus,
637 1682 756 1742 cylindrus
774 1697 844 1733 cavus
862 1682 902 1741 qui
921 1681 1067 1727 trochleatim

126 1747 218 1792 effictus
233 1753 291 1800 erat,
306 1757 426 1805 certosque
440 1746 541 1792 babebat
555 1747 618 1792 intus
632 1749 718 1806 gradus
732 1746 828 1804 excisos,
844 1761 873 1792 ex
888 1747 972 1806 quibus
983 1747 1067 1792 tunde·

126 1813 214 1857 bantur
231 1811 271 1856 tali
288 1810 312 1856 in
330 1811 446 1856 alveolum
460 1811 508 1856 sive
526 1811 629 1857 tabulam
647 1812 764 1867 lusoriam,
780 1812 805 1857 in
822 1814 887 1872 quus
906 1811 985 1857 mediis
1001 1820 1067 1871 parte

127 1877 273 1921 statuebatur
291 1872 542 1937 turricula—[terius
558 1874 638 1938 mirer]
656 1876 736 1922 Minus
754 1876 839 1923 usitate
857 1877 890 1922 sic
909 1876 978 1931 dixit,
992 1875 1067 1935 ‘quum

126 1939 330 1999 frequentissimus
341 1939 371 1985 sit
382 1940 493 2001 positivus
505 1941 584 1988 leuiter
594 1943 691 1997 raudus,
702 1941 780 2004 de—
789 1939 830 2003 [ae
836 1944 903 2002 prior
913 1939 964 2002 illo]
982 1940 1068 2001 ‘prope

126 2005 277 2065 prestantior
287 2013 311 2050 et
319 2004 406 2051 felicior
417 2005 511 2052 bomine
522 2005 678 2053 inconstanti.¹
686 2031 719 2041 -
726 2003 844 2068 [estjam
854 2003 968 2066 contento]
987 2007 1069 2064 Imago
1133 2039 1137 2046 .

127 2067 249 2132 ἀμετρίας
260 2070 283 2115 in
295 2077 417 2129 utramque
428 2079 525 2130 partem,
543 2071 666 2132 desumpta
682 2085 696 2118 s
713 2073 791 2118 nautis
806 2073 875 2117 modo
886 2072 919 2116 ita
932 2071 1000 2116 funes
1011 2084 1068 2116 con·

128 2135 288 2190 tendentibus,
306 2142 332 2179 ut
347 2134 477 2194 periculum
494 2134 530 2192 sit,
547 2151 577 2181 ne
593 2146 740 2196 rumpantur,
757 2137 827 2182 modo
843 2136 913 2181 nimis
928 2134 1068 2188 laxantibus,

127 2199 163 2245 ita
179 2206 207 2245 ut
228 2199 279 2244 vela
295 2199 424 2245 concidant.
459 2200 554 2247 bucian.
572 2200 633 2248 Dial.
655 2202 749 2247 Meretr.
763 2202 787 2255 3,
804 2209 863 2246 extr.
880 2195 934 2261 ὅρα,
951 2195 1071 2260 μὴκατὰ

127 2263 180 2321 τὴν
197 2261 343 2326 παροιμίαν,
359 2259 542 2327 ἁπορῤἠξωμεν
559 2262 630 2312 πάνυ
646 2263 772 2312 τείνουσαι
788 2262 816 2310 τὸ
833 2259 965 2310 καλώδιον.
1059 2283 1063 2291 ’

164 2329 265 2376 19—29.
284 2325 375 2389 [hodie]
393 2344 427 2389 pr.
447 2331 586 2389 ‘antequam
606 2331 644 2376 hic
663 2331 713 2377 dies
731 2328 850 2382 transeat,'
872 2329 896 2372 id
917 2337 959 2383 est,
983 2326 1069 2383 ‘tilica

128 2392 264 2440 statim'-
275 2389 407 2454 [Furcrfer]
415 2401 417 2406 ’
426 2394 530 2440 Donatus
541 2395 571 2440 ad
584 2395 638 2441 Ter.
648 2393 724 2441 Andr.
736 2394 758 2449 4,
770 2395 793 2450 b,
807 2392 844 2448 12,
858 2394 872 2418 ‘⁴
881 2389 997 2452 Furciferi
1007 2391 1070 2438 dice·

128 2461 225 2510 bantur,
243 2459 283 2516 qui
300 2459 396 2514 obiere
413 2458 523 2504 delictum
539 2462 681 2518 cogebantur
697 2474 711 2504 a
728 2457 828 2504 dominis
845 2457 978 2516 ignominiae
996 2457 1071 2516 magis

129 2537 202 2582 quam
219 2523 326 2583 supplicii
341 2523 411 2569 causa
424 2523 483 2568 circa
501 2523 587 2570 vicinos
601 2524 690 2569 turcam
702 2521 747 2585 (V)
760 2523 784 2569 in
800 2523 858 2569 collo
875 2522 934 2568 serre
951 2522 1073 2582 subligatis

129 2588 160 2634 sd
177 2601 230 2633 eam
245 2586 362 2640 manibus,
380 2597 403 2633 et
422 2586 546 2648 praedicare
564 2598 684 2648 peccatum
700 2603 777 2644 enum,
792 2588 908 2647 simulque
924 2602 1072 2634 summouere

129 2658 228 2708 ceteros,
240 2666 270 2697 ne
282 2653 338 2710 quid
349 2652 424 2700 simile
436 2652 622 2699 admittant.”-
632 2650 712 2715 [agat]
729 2653 822 2711 ‘adigat
837 2654 866 2698 ad
883 2653 981 2712 priscam
999 2654 1072 2714 maJ'u-

129 2731 184 2763 rum
197 2725 328 2762 nostrornm
340 2717 410 2768 vitam
422 2717 620 2776 sequendam’-
629 2714 756 2779 [deseratis]
769 2732 815 2763 uon
827 2727 874 2762 tarn
885 2718 995 2764 adversus
1006 2719 1071 2769 alius.

130 2796 203 2841 quam
217 2783 274 2841 ‘pro
286 2781 345 2827 virili
358 2783 397 2828 tua
409 2791 474 2841 parte
484 2782 508 2827 in
521 2791 592 2828 temet
608 2782 658 2842 ipso
675 2797 753 2829 servas
768 2791 792 2828 et
807 2782 931 2828 tueris'—
941 2779 975 2842 [et
985 2779 1070 2843 herae]

129 2847 146 2893 1.
161 2848 168 2872 ¹
178 2845 299 2892 intricatus
310 2860 416 2892 remanes
426 2847 450 2891 in
462 2846 539 2906 priore
550 2847 678 2906 pravitate!
686 2871 719 2882 -
727 2843 865 2908 [absentem]
877 2849 905 2892 ‘a
916 2855 939 2892 te
950 2846 1070 2894 relictam!

129 2907 286 2971 —[reeurum
297 2911 357 2970 olus]
369 2911 498 2973 fcoenulsm
511 2913 540 2956 ab
551 2911 614 2957 omni
625 2911 780 2957 sollicitudine
792 2911 944 2957 liberam.'—
952 2909 1070 2973 [aequora]

131 2990 185 3022 cum
199 2975 277 3021 verbis
288 2979 365 3022 mortis
376 2985 419 3030 est,
430 2991 475 3036 any
486 2977 559 3022 where
576 2973 618 3023 l:
629 2978 691 3036 ‘arry
702 2972 819 3038 whither')
829 2993 838 3028 ,·
855 2992 932 3037 aeque,
947 2977 1070 3036 ⁴semper,'

130 3041 171 3086 iric
187 3041 264 3085 locum
281 3055 327 3086 non
345 3036 593 3101 habet-[Vinctus]
612 3041 695 3099 ‘quasi
706 3040 803 3086 uinculis
818 3050 926 3086 oneratus
943 3050 967 3087 et
981 3042 1006 3086 in
1020 3054 1072 3086 car·

131 3119 210 3150 cerem
229 3113 357 3164 pertractus
374 3105 404 3150 ad
421 3120 498 3151 coerrsa
512 3120 558 3162 eas,
578 3119 652 3164 quum
669 3114 750 3151 contra
768 3104 920 3152 libentissime
938 3119 1019 3151 omnes
1034 3105 1071 3150 in·

132 3169 257 3215 vitationes
276 3167 565 3231 accipias’·-[omaspue]
583 3178 609 3215 ut
626 3172 672 3216 Sat.
687 3169 707 3226 l,
718 3171 741 3224 2,
751 3170 790 3224 54,
802 3173 895 3216 ‘tecum
909 3178 1031 3216 contentus
1046 3183 1072 3216 es

132 3234 205 3292 idque
216 3234 344 3293 praedicas’
372 3234 420 3280 Cic.
432 3235 460 3280 ad
474 3238 521 3281 sn.
534 3235 556 3291 4,
569 3234 606 3290 16,
619 3236 643 3281 in
653 3251 678 3282 eo
688 3251 721 3282 me
732 3237 797 3282 ualde
807 3251 863 3282 amo.

167 3298 271 3346 31—33.
289 3297 342 3360 [sub
364 3299 448 3345 lustina
466 3296 553 3362 prima]
579 3301 648 3346 ‘Post
667 3314 785 3359 vesperam
804 3300 880 3361 prima
897 3297 950 3344 sax!
984 3295 1069 3357 (Mser.

134 3364 184 3414 sat.
203 3363 225 3418 1,
243 3363 277 3422 3.)
297 3363 372 3410 Graeci
391 3361 446 3424 περὶ
463 3363 568 3425 λυχνῶν
585 3360 818 3428 aipein—[Nemea
834 3365 905 3410 eleum
916 3358 980 3421 feret
996 3362 1069 3421 ocius]

133 3428 228 3474 ‘oleum
239 3428 347 3483 lucernae,
364 3429 412 3488 quia
429 3428 462 3474 uti
474 3432 522 3475 vult
534 3437 647 3476 nocturno
658 3437 761 3489 tempore
771 3430 801 3474 ad
812 3428 911 3474 amicum
922 3440 1048 3486 properans
1057 3427 1072 3482 ς’

135 3507 191 3548 non,
203 3489 264 3552 ‘quo
276 3503 359 3539 unctus
374 3500 397 3538 et
408 3494 468 3539 lotus
478 3496 546 3540 abest
556 3495 689 3541 coenatum.'
713 3492 807 3554 (Corum.
820 3490 898 3552 Cruq.)
906 3487 1071 3554 -[hloterae]

135 3557 232 3603 “stulte
244 3566 267 3603 et
278 3557 404 3617 percupide
415 3558 503 3616 loqui.''
531 3559 622 3606 Festus.
650 3559 680 3605 11.
692 3560 708 3605 1.
720 3562 726 3584 ⁸
736 3574 788 3604 cum
799 3555 951 3615 trepidatione
962 3566 986 3601 et
995 3557 1073 3604 furore

134 3624 208 3670 verba
217 3621 313 3670 effutis:
322 3647 353 3658 -
363 3619 495 3685 [jugisque]
515 3623 594 3682 Longe
605 3623 710 3670 festinus
720 3623 764 3670 boc
775 3636 845 3681 quarn
855 3617 1071 3684 aliorumsurr'eque,
