2442 4059
110 302 147 338 ao
159 285 289 349 alsonus]
437 286 720 335 INTERPRETATIO.
994 287 1060 353 289

109 456 204 497 omnes,
222 442 262 501 qui
275 454 364 487 annum
374 439 449 485 etatis
460 452 518 486 xcv.
530 438 617 498 egressi
633 446 708 493 erant,
723 436 842 483 seniorum
859 438 971 485 centuriis
982 440 1059 487 adnu-

110 509 273 553 merabantur.
309 505 373 550 ‘Viri
392 507 441 564 jam
462 504 547 550 maturi
569 504 692 562 exagitant
713 510 737 548 et
753 503 930 562 reprehendunt
953 516 1061 563 poemata

110 572 185 618 nimis
198 574 279 632 jocosa
297 578 321 616 et
338 584 421 629 parum
441 569 598 623 sententiosa;
617 577 696 614 contra
707 568 820 621 Ramnes,
840 569 930 628 equites
946 571 1060 629 juniores,

110 652 161 683 non
177 637 229 683 sine
242 636 343 695 quodam
361 634 423 680 fastu
442 642 513 693 atque
531 634 666 691 arrogandi
682 648 724 692 per
740 634 853 693 populum
872 633 1015 689 incedentes,
1034 647 1061 681 ut

109 702 204 747 faciunt
217 703 316 761 Juvenes
334 708 358 745 et
370 699 440 745 validi
460 708 484 744 et
499 699 635 758 locupletes,
653 706 768 757 spernunt
786 707 894 756 poemata
912 699 981 744 nimis
1000 701 1061 747 seria

110 766 228 825 nulloque
245 761 386 829 φαντασίας
401 771 486 810 ornatu
503 778 528 809 se
546 762 753 809 commendantia)
786 763 833 812 Qut
849 764 948 809 Ramnes
966 766 1060 825 proprie

110 831 171 877 dicti
190 845 220 876 ex
239 830 356 876 communi
373 828 484 889 opinione
500 828 596 884 suerint,
616 829 678 873 disce
693 843 723 873 ex
736 827 803 872 Livio
817 827 838 883 l,
852 827 888 874 13.
922 827 962 875 Ad
973 845 995 875 v.
1007 832 1062 877 celsi

111 896 155 942 cle.
169 896 218 941 cte.
230 896 260 941 de
273 896 312 940 Or.
326 894 346 948 l,
358 894 397 947 40,
409 894 467 940 Hac
478 896 487 939 i
503 900 618 939 norautcm
629 900 727 940 erectum
738 899 761 939 ct
772 893 968 953 celsum-wagerr'
977 898 1060 956 magud

111 976 164 1007 cum
175 963 267 1007 caterod
280 956 390 1019 tolosam,
403 909 575 1021 ipo—mene
587 960 640 1003 tulit
649 954 770 1017 punctum]
785 956 883 1002 Anthol.
897 959 948 1005 Lat.
960 959 1059 1020 Meyeri¹

112 1041 136 1071 n.
150 1024 207 1080 780,
223 1025 389 1085 Suffragiorum
403 1030 490 1084 puncta
504 1038 546 1069 noa
565 1025 618 1069 tulit
633 1029 724 1082 reptem.
742 1022 768 1067 V.
781 1023 810 1067 ad
822 1023 869 1067 Sat.
882 1024 905 1075 2,
917 1024 939 1076 2,
952 1025 990 1071 50.
1018 1026 1062 1071 Est

112 1090 196 1151 igitur,
215 1091 320 1135 ‘Omnes
339 1103 393 1134 eum
412 1089 520 1134 laudibus
539 1088 673 1133 celebrant’
689 1082 825 1147 -[Sorii.r]
844 1087 891 1134 cfr.
905 1088 966 1147 Epp.
985 1089 1006 1144 l,
1022 1091 1061 1145 20,

113 1156 137 1201 2
150 1154 305 1213 ‘Brblropolrs
317 1167 434 1211 insignem
447 1161 562 1213 quaestum
574 1152 642 1198 affert
653 1166 736 1211 poema
747 1151 889 1197 bonum'-
899 1149 973 1213 [mare
984 1161 1060 1200 traor-

113 1216 147 1280 r't]
165 1218 213 1265 ctr.
227 1219 288 1280 Epp.
302 1217 423 1274 1,2ο,13.
439 1241 471 1251 -
480 1214 583 1279 [longam
595 1223 706 1278 prorogat
716 1212 801 1277 emar]
820 1219 952 1276 ‘prorogaq
971 1226 998 1263 ut
1008 1220 1060 1266 lon-

68 1303 75 1317 ·
130 1298 171 1329 um
184 1284 241 1329 tint*

112 1300 129 1344 g
147 1348 284 1403 att-352.
303 1344 374 1407 [Sunt
385 1343 482 1408 delicto]
496 1346 618 1405 Propositri
626 1345 814 1392 excellentissimi
826 1346 941 1405 poematis
950 1346 1062 1407 imagine,

115 1414 179 1473 quod
203 1414 339 1472 scriptorem
361 1413 517 1458 immortalem
539 1412 631 1466 reddat,
655 1426 768 1473 perquam
789 1412 895 1471 apposite
916 1412 950 1457 ita
970 1414 1061 1471 pergit:

116 1479 262 1538 ‘Nunquam
282 1486 360 1523 tamen
379 1477 502 1523 obliviscar
519 1477 549 1522 ad
568 1476 633 1521 illam
652 1476 801 1535 perfectionis
820 1476 932 1522 absolutas
951 1479 1061 1536 speciem,

114 1558 188 1604 quam
199 1551 278 1588 mente
289 1551 380 1587 tantum
392 1542 498 1587 videmus
508 1538 572 1601 (τὴν
583 1536 654 1586 ἰδέαν
664 1541 709 1587 rori
720 1538 819 1600 καλοῦ),
828 1542 951 1600 pervenire
962 1556 1061 1601 eamque

114 1608 214 1667 exsequi
226 1608 363 1653 mortalibus
374 1616 485 1666 negatum
496 1620 561 1660 esse;
575 1606 686 1665 quocirca
696 1620 764 1664 aqua
775 1614 799 1650 et
809 1605 914 1651 humana
924 1606 973 1652 sint
983 1617 1063 1653 nostra

110 1673 204 1733 judicia
216 1674 245 1717 de
256 1686 400 1718 summorum
414 1680 536 1731 poetarum
548 1670 665 1716 erroribus
677 1679 700 1716 et
712 1670 818 1716 delictis!
828 1696 858 1706 -
869 1667 951 1732 [neque
962 1670 1060 1734 chordo]

115 1738 231 1797 Proponit
246 1738 333 1796 duplex
350 1738 484 1796 exemplum
500 1735 584 1781 erroris
601 1750 648 1780 non
664 1736 770 1781 consulto
788 1743 829 1781 aut
844 1734 929 1794 judicii
946 1737 1061 1796 pravitate

114 1802 242 1857 commissi,
254 1802 295 1847 sed
307 1801 385 1861 potius
396 1800 558 1847 instrumentis
569 1800 648 1845 minus
690 1800 768 1846 rfectis
780 1800 908 1852 tribuendi,
921 1809 946 1846 ut
957 1803 1062 1861 plerum·

115 1881 164 1927 que
182 1867 227 1927 ipsi
245 1866 358 1912 sermonis
377 1815 694 1927 inopia-[minabitarfe‘
702 1864 830 1911 minabitur
847 1864 925 1920 leriae,
944 1882 990 1926 quo
1007 1882 1061 1914 eum

114 1932 231 1991 sagittarii
242 1932 323 1977 oculus
335 1945 466 1990 manusque
478 1930 574 1989 dirigit!

149 1996 284 2043 aaa-356.
304 1992 381 2056 [Quid
398 2011 451 2056 ergo
468 1992 536 2056 ertt]
554 1995 667 2050 ‘Verum‚
684 2002 711 2039 ut
728 1993 812 2050 video‚'
823 1994 909 2054 inquit,
921 1996 1063 2056 ‘justissimi

115 2061 162 2107 hac
180 2062 331 2107 excusatione
350 2061 414 2106 abuti
432 2070 530 2121 possunt
548 2059 619 2105 etiarn
636 2059 692 2105 mali
711 2068 794 2118 poetar,
813 2075 912 2119 quorum
931 2061 1062 2108 defensioni

112 2128 212 2186 JamJam
230 2140 358 2171 occurram.
393 2126 424 2171 At
442 2126 461 2171 si
481 2124 554 2171 sutilis
574 2125 673 2184 scriptor
689 2125 773 2170 eidem
792 2125 931 2184 purgatione
950 2134 1063 2183 uteretur,

115 2191 180 2237 illico
191 2192 329 2237 refutandus
339 2190 399 2237 erit.’
408 2214 440 2223 -
449 2188 560 2252 [scriptor
570 2186 692 2249 librarios]
705 2191 807 2245 ‘servus
819 2190 858 2248 qui
871 2189 941 2235 libros
952 2191 1063 2236 describit

117 2257 154 2302 vel
166 2256 263 2301 domino
278 2257 380 2301 litterato
392 2256 428 2301 vel
448 2250 739 2315 bibliopolae.'·-[peccat
757 2253 828 2310 idem]
847 2268 889 2311 pro
907 2256 1006 2313 vulgari,
1023 2256 1063 2301 ‘in

117 2321 201 2367 eodem
213 2320 402 2380 peccat,’'¹idem
415 2328 534 2380 peccatum
552 2333 645 2378 semper
662 2318 803 2363 commirrtc’
836 2318 874 2363 Sic
889 2320 959 2365 etiam
973 2320 1022 2365 Cic.
1033 2322 1063 2366 de

117 2387 149 2431 N.
162 2385 226 2440 D.·l‚
246 2386 282 2439 12,
298 2385 421 2444 Xenophon
439 2386 516 2431 eodem
527 2381 580 2444 sere
594 2390 721 2443 peccot-
731 2379 847 2444 [oberrat]
865 2384 920 2441 ‘qui
936 2384 962 2429 in
978 2385 1064 2431 eidem

117 2450 209 2497 chorda
220 2451 303 2510 pollice
315 2451 434 2508 tangendi
446 2450 547 2494 eundem
559 2462 652 2507 semper
663 2462 765 2493 errorem
777 2447 918 2493 committit!

151 2514 287 2569 aot-360.
314 2514 420 2571 [multum
439 2509 525 2574 cessat]
545 2517 656 2572 ‘propter
677 2510 846 2571 negligentiam
863 2513 939 2558 officio
957 2527 999 2559 suo
1015 2528 1063 2561 non

118 2579 250 2635 satisfacit,’
267 2587 293 2625 ut
305 2580 367 2638 Epp.
378 2579 401 2633 2,
413 2579 435 2634 2,
450 2577 487 2633 ld,
504 2579 578 2624 Semel
593 2579 631 2623 lric
648 2579 750 2624 cessavit.
762 2574 941 2639 ·-[Clroerr'lor]
961 2580 1022 2639 Epp.
1040 2581 1064 2628 2.

120 2643 143 2699 l,
159 2644 215 2690 232.
247 2646 263 2669 “
275 2644 399 2697 Chronius,
419 2644 459 2702 qui
479 2651 545 2700 gesta
563 2642 693 2687 Alexandri
708 2642 842 2687 describens
862 2651 953 2702 reptem
972 2652 1064 2689 tantum

118 2722 201 2754 versus
217 2709 346 2754 laudabiles
362 2708 430 2761 t'ecit;
449 2708 485 2753 cui
505 2707 643 2753 Alexander
660 2706 734 2752 fertur
750 2706 846 2765 dixisse,
860 2708 930 2753 malle
944 2723 969 2753 se
988 2708 1063 2755 Ther·

119 2773 181 2818 siten
201 2774 297 2819 Homeri
318 2787 368 2818 esse
391 2787 462 2832 quam
484 2773 554 2831 bujus
573 2771 697 2817 Achillem.
731 2770 868 2817 Alexander
884 2781 964 2818 antem
982 2782 1065 2833 pactus

119 2851 173 2882 cum
188 2852 223 2894 eo,
245 2847 269 2883 ut
286 2838 305 2883 si
322 2839 409 2883 bonum
426 2837 513 2883 laceret
529 2851 632 2895 versum,
648 2850 719 2881 aureo
736 2836 876 2882 numismate
893 2838 1028 2892 donaretur,
1045 2840 1065 2884 si

119 2902 216 2957 malum,
234 2903 331 2962 colapho
347 2902 463 2957 feriretur,
479 2902 519 2947 ille
533 2902 618 2960 sapius
634 2901 696 2946 male
709 2900 832 2947 scribendo
848 2902 952 2961 colaphis
968 2912 1063 2949 necatus

120 2967 180 3013 est”
204 2967 286 3013 Comm.
304 2968 341 3012 Cr.
375 2968 421 3012 Sed
436 2968 466 3013 de
483 2967 577 3012 insulsis
592 2965 630 3011 his
645 2965 826 3010 Scholiastarum
840 2968 1021 3013 narratiunculis
1035 2976 1062 3014 tu

120 3031 199 3077 consec
216 3032 302 3077 Naeltii
323 3031 460 3086 Chcerilum,
472 3047 512 3091 pp.
527 3030 565 3077 36.
583 3030 639 3084 206,
654 3029 748 3084 207.-
760 3026 896 3092 [Indignor]
915 3032 1062 3089 ‘AEgerrime

118 3094 176 3141 item
187 3096 246 3155 lero,
262 3098 449 3156 quandocunque
465 3096 490 3142 in
504 3097 608 3142 Homero
620 3095 703 3140 vitium
713 3095 809 3153 aliquod
820 3097 989 3151 animadverto,
1007 3098 1063 3156 quia

118 3174 175 3206 eum
190 3161 228 3206 his
241 3176 336 3221 prorsus
351 3170 486 3222 exemptum
504 3173 622 3219 cuperem.
657 3160 767 3205 Attamen
783 3159 816 3205 ita
828 3162 957 3207 Homerum
969 3176 1062 3207 mecum

118 3224 169 3285 ipse
180 3240 267 3271 excuso
278 3226 411 3271 mirandum
429 3241 476 3271 non
488 3240 547 3284 esse,
563 3225 581 3269 si
594 3225 631 3269 vel
641 3238 746 3269 summus
763 3234 833 3284 poeta
848 3225 872 3271 in
886 3226 1000 3285 poematis
1013 3235 1062 3272 tarn

117 3291 195 3349 longis
212 3292 339 3346 interdum,
359 3291 402 3336 sed
417 3305 477 3345 raro,
495 3285 775 3351 cesset.’-[Dorrnitat]
796 3291 866 3336 Refer
881 3291 910 3335 ad
927 3286 1064 3353 διαφωνίας

118 3370 146 3401 ae
158 3356 229 3401 miras
240 3356 292 3401 illas
303 3356 459 3411 difficultates,
477 3371 529 3415 quae
545 3351 633 3402 λύσεσι
649 3354 778 3413 prasertim
790 3354 1003 3401 Alexandrinorum
1014 3357 1063 3401 ori·

118 3420 199 3479 glum
221 3421 345 3475 dederunt,
369 3429 439 3479 atque
460 3420 490 3465 ad
512 3434 540 3466 ea
558 3420 646 3473 omnia,
668 3434 721 3478 quae
741 3428 836 3479 propter
856 3419 952 3464 nimiam
974 3420 1064 3465 scilicet

119 3485 294 3544 simplicitatem
309 3485 346 3530 rel
361 3494 456 3545 propter
472 3500 563 3530 morum
579 3481 738 3530 assentiendi
755 3484 936 3542 discrepantiam
953 3484 1062 3544 displice·

120 3550 178 3595 bant
189 3547 358 3595 Alexandrinis
370 3559 393 3595 et
406 3550 518 3596 Romanis
529 3549 614 3594 horum
622 3549 739 3607 judicium
750 3549 890 3607 plerumque
900 3550 994 3595 secutis.

152 3612 288 3661 aul-³6⁵.
308 3612 357 3677 [Ut
366 3617 465 3675 pictura,
476 3609 564 3674 poeria]
585 3614 689 3673 Antiqua
704 3620 740 3659 est
751 3614 900 3673 comparatio,
917 3628 984 3674 scepe-
993 3629 1063 3675 prave
