2442 4059
113 263 168 302 aaa.
180 265 197 300 r.
210 249 245 315 6.]
449 253 734 304 ΙΝΤΕΒΡΒΕΤΔΉΟ.
998 255 1060 321 129

113 400 268 466 [Corpenler]
281 403 402 461 ‘emeneil
414 405 469 465 quia
477 405 521 452 ria
530 405 629 465 cingula
639 415 719 467 parter
730 421 778 454 une
788 414 841 468 poet
850 407 947 454 alteram
958 410 1058 469 pedibue

111 470 186 516 veluti
196 478 330 530 carpuntur,
341 480 367 516 ut
378 471 403 515 fit
413 471 438 516 in
450 471 505 517 lania
516 481 541 517 et
551 470 599 517 lino
610 473 695 518 nendo.

144 534 248 582 93-95.
268 531 353 596 [Bari]
373 535 476 592 Barium,
493 536 563 582 bodie
577 537 646 593 Bari,
661 537 773 598 oppidum
785 536 879 598 Apulia
890 539 1014 590 Peucetiae.
1024 541 1056 587 ati

110 600 268 655 maieritum,
285 615 299 646 a
311 599 386 646 liubin
401 598 489 660 (Rure)
501 600 601 648 dictabat
612 614 668 650 xxr.
682 603 731 649 mil.
743 617 792 662 pac.
803 625 835 638 —-
846 601 960 665 [Gnatia]
981 604 1056 651 forma

110 663 231 725 popularia
241 679 284 725 pro
296 666 406 724 Egnatio,
417 665 488 712 hodie
499 666 621 727 hieropoli,
631 682 646 713 a
658 667 728 714 Bario
738 668 827 715 diatono
838 681 938 716 xxxvrr.
948 669 998 716 mil.
1005 685 1055 730 pao.

109 751 144 762 -
154 726 278 790 Lymphis]
295 730 370 776 forma
380 728 465 777 Latina
476 745 518 791 pro
530 731 661 790 Nymphis:
680 733 716 778 bra
726 733 826 779 fontium
837 735 887 779 dete
896 744 1056 782 memorantur

109 792 182 839 etiam
194 793 219 839 in
231 794 349 854 lnacriptt.
359 795 417 840 meir
430 795 480 841 Lat.
496 810 518 841 n.
533 794 642 850 lauz-
650 794 754 859 [leand
763 800 811 845 aire
822 795 888 859 lura]
906 800 966 846 Plin.
979 801 1009 846 Η.
1024 800 1055 848 Ν.

110 859 135 914 2,
154 857 208 916 111,
225 859 255 906 In
270 861 386 906 Salamine
401 861 482 920 oppido
500 862 603 921 Egnatia
622 864 725 923 imparile
742 865 805 925 ligno
819 865 844 910 la
857 878 937 911 aarum
950 867 1056 926 prolinue

103 925 223 983 flammam
232 927 329 972 reialere
341 922 467 983 (reperitur
477 925 539 985 apud
550 925 675 986 auctores).

94 1026 97 1034 .
141 987 266 1036 ali-tuo.
280 987 389 1050 [ludaei
398 987 494 1051 Apella]
508 990 629 1038 Bentleiue
640 991 664 1037 in
677 992 721 1052 Ep.
734 992 765 1039 ad
775 992 835 1038 Mill.
843 1007 867 1052 p.
875 994 936 1040 5202
953 993 1054 1041 “Judaei

109 1045 250 1100 habitabant
265 1064 329 1100 trane
345 1052 456 1110 Tiberim,
472 1064 496 1101 et
511 1057 585 1102 multo
601 1056 729 1103 maximam
746 1065 835 1117 partem
854 1067 921 1103 erant
936 1059 1054 1114 libertini3

109 1118 197 1178 Apella
219 1129 298 1164 autem
321 1118 483 1166 libertinorum
504 1128 540 1166 eat
562 1135 656 1178 nornen,
676 1123 733 1169 tatia
754 1123 863 1181 frequens
886 1123 911 1167 in
934 1123 1054 1183 lnenripit.

110 1183 217 1230 retuatia.
251 1184 335 1243 ltaque
348 1184 537 1231 Gredolludrrur
548 1187 639 1246 Apella,
656 1186 723 1245 quari
738 1196 764 1233 tu
779 1187 850 1242 dicae,
866 1188 961 1233 ‘credat
971 1202 1055 1248 auper-

109 1247 217 1294 atitioaua
231 1248 317 1308 aliquia
330 1249 427 1295 ludteua
443 1250 671 1297 Transtiberinae.’''
682 1275 715 1286 -
727 1249 824 1314 [didici]
836 1253 866 1297 ab
876 1252 984 1312 Epicuro.
1005 1254 1054 1299 lie·

110 1313 180 1373 epicit
192 1313 358 1359 Lucretianum
377 1314 435 1359 illud
450 1314 473 1367 i.
492 1313 530 1371 83,
545 1323 569 1361 et
586 1315 609 1371 6,
626 1313 671 1369 57:
689 1318 751 1364 Nam
767 1319 821 1364 bene
836 1319 876 1377 qai
890 1319 990 1364 didicere
1002 1319 1055 1365 deor

109 1393 214 1425 murum
230 1393 299 1439 ogere
317 1393 394 1424 aaut.
405 1403 439 1412 —
451 1374 566 1440 [Trieres]
588 1381 674 1428 ‘irater
695 1392 766 1442 atque
788 1381 884 1427 inlectos
902 1381 1054 1428 mortalibus.⁸

109 1467 142 1478 —
154 1440 226 1504 [lecto
257 1451 283 1489 ut
295 1443 345 1489 Vel.
359 1444 434 1490 Flacc.
445 1445 468 1499 5,
479 1443 534 1500 623,
551 1448 610 1492 ailae
627 1447 659 1492 od
670 1449 751 1493 cantui
764 1447 882 1493 stellantia
895 1448 972 1507 parrer
985 1447 1056 1494 Teclo

109 1510 166 1554 ruit.
176 1531 210 1542 -
235 1505 404 1568 Brundnriam]
417 1508 486 1554 hodie
499 1510 612 1565 Brindisi,
623 1511 736 1571 oppidum
748 1510 930 1567 Salentinorum‚
938 1514 968 1558 ab
976 1513 1055 1571 Egna-

110 1569 145 1620 tia
162 1572 265 1619 distabat
282 1585 350 1619 xciv.
369 1574 418 1619 mil.
433 1588 482 1633 pac.
493 1597 526 1607 -
537 1572 754 1638 [langa—cbarla]
771 1571 826 1623 κατ’
841 1571 976 1640 εἰρωνείαν,
988 1576 1056 1637 quari

108 1639 212 1696 timeret,
224 1652 254 1684 ne
265 1638 389 1684 lectoribua
400 1637 530 1685 molestiam
542 1647 650 1686 cremant.

492 1836 613 1884 serina
631 1835 676 1884 vt.

142 1969 250 2016 Annon.
269 1965 381 2014 Horatius
399 1975 521 2028 poatqnam
541 1973 566 2014 et
581 1967 746 2024 familiaritate,
763 1982 834 2027 quam
852 1983 905 2016 curn
925 1969 1055 2017 Maecenate

108 2034 220 2089 habebat,
231 2041 256 2080 et
268 2033 390 2080 Luciliano
407 2032 530 2078 satirarum
545 2047 633 2093 genere
650 2034 729 2080 denuo
743 2042 840 2080 tractato
856 2034 1013 2080 multitudinis
1028 2034 1054 2080 in

108 2113 134 2146 ae
154 2098 234 2145 oculor
252 2104 406 2152 converterat,
423 2095 473 2142 lieri
490 2111 537 2143 non
553 2098 637 2158 potuit,
654 2098 720 2158 quin,
736 2112 809 2158 quum
829 2098 922 2145 nonniai
939 2112 1054 2159 perquam

107 2164 177 2225 pauci
190 2172 231 2209 aut
239 2163 316 2223 ipsum
325 2173 366 2207 aut
374 2161 509 2208 Moecenatia
518 2162 543 2207 in
552 2177 606 2209 eum
615 2163 720 2209 animum
730 2163 860 2210 accuratius
868 2161 1054 2222 introepicerent,

109 2227 243 2289 aplurinria
255 2243 316 2273 unua
330 2241 359 2272 ex
372 2226 504 2286 vulgaribus
516 2226 563 2272 illia
578 2227 678 2274 fortuna
694 2227 748 2273 liliis
765 2228 898 2281 haberetur,
912 2227 992 2286 quales
1003 2234 1056 2286 poet

108 2293 215 2342 civilium
225 2291 403 2338 convertionum
414 2295 494 2338 turbae
504 2299 528 2338 et
538 2291 563 2337 in
575 2293 620 2339 hac
629 2292 824 2338 nobilieeimarum
835 2290 976 2337 familiarum
986 2291 1055 2336 ruina

107 2358 241 2406 aciritatia
260 2356 361 2404 dominia
380 2364 422 2402 aut
439 2371 601 2417 oppreaaarurn
623 2366 665 2403 ant
685 2357 768 2417 opibua
790 2357 954 2402 destitutarum
976 2356 1055 2416 amplo

108 2438 209 2470 numero
217 2422 293 2468 exorti
304 2429 378 2477 erant,
391 2422 466 2481 etqui
478 2421 686 2482 praviambitione
694 2422 803 2480 malique
814 2421 938 2466 redulitate
949 2420 973 2466 in
985 2420 1054 2466 iami-
1077 2423 1083 2436 '

107 2489 236 2535 liaritatern
249 2487 385 2533 Maecenatis
399 2486 538 2546 ineptiant,
556 2495 582 2532 ut
596 2486 698 2532 honores
709 2493 733 2532 et
743 2499 799 2546 opea
810 2494 941 2532 venaretur.
976 2487 1054 2545 Atque

108 2555 222 2600 adrerana
233 2552 294 2598 hanc
305 2551 379 2612 ipearn
390 2551 508 2597 ninistram
519 2551 548 2596 de
558 2566 583 2597 re
594 2551 750 2614 amnicionem
764 2559 789 2596 et
799 2549 921 2596 hominurn
932 2558 974 2597 aut
984 2550 1053 2610 igno-

108 2618 211 2666 rantiam
229 2627 269 2664 aui
289 2616 475 2663 malevolentiam
495 2616 545 2661 brec
563 2616 635 2662 natira
654 2615 783 2675 conscripta
801 2629 852 2662 eeae
868 2613 935 2661 nobie
953 2615 1053 2662 ridetur.

108 2683 170 2732 Zell.
180 2697 211 2729 ex
220 2682 306 2728 Heind.
340 2681 442 2742 (Scripta
453 2681 545 2727 videtur
557 2693 580 2727 Α.
593 2693 619 2726 u.
630 2693 651 2726 c.
664 2679 732 2739 718.)

145 2748 213 2794 i—b.
233 2742 374 2808 [Lydorum]
393 2745 431 2791 Er
440 2745 538 2805 antiqua
546 2743 608 2792 lami
617 2744 719 2807 (Herod.
729 2745 752 2799 l,
762 2742 814 2803 ol.)
823 2743 924 2791 refutati
932 2759 946 2791 a
954 2745 1052 2806 Dionye.

110 2813 188 2860 uuir.
203 2811 223 2867 l,
235 2827 257 2871 p.
269 2810 309 2866 21,
328 2810 388 2870 Lydi
406 2811 464 2856 duce
477 2809 608 2868 Tyrrheno,
626 2809 695 2869 Atyia
706 2810 767 2868 regia
782 2810 837 2864 nno,
853 2809 878 2854 in
893 2810 986 2856 ltaliam
998 2825 1053 2857 cum

108 2873 321 2936 lranamigraaaent,
338 2876 371 2922 ibi
386 2876 526 2938 Τυρσηνῶν
542 2889 562 2920 a.
576 2875 753 2933 Tyrrhenorum
770 2874 866 2920 nomine
878 2875 997 2921 Etruriam
1014 2876 1053 2922 in·

108 2943 240 2990 coluerunt.
251 2965 284 2976 —
296 2937 364 3004 [eona
374 2936 500 3000 molemus]
519 2939 638 2998 Singulari
654 2953 719 2986 more
731 2939 801 2986 Tucci
817 2940 993 3000 metronymicia
1005 2939 1053 2986 ire·

108 3006 221 3067 quentiae
232 3006 303 3052 etiarn
316 3007 441 3052 utebantur
452 3018 523 3064 qnam
533 3003 707 3064 patronymicie.
742 3003 857 3064 Loquitur
870 3019 918 3050 non
929 3006 960 3051 de
969 3004 1053 3051 Cilniir

109 3072 233 3126 &manin
244 3085 342 3130 quorum
355 3083 424 3116 nemo
435 3083 539 3128 unquam
550 3069 632 3115 oonaul
646 3068 692 3114 luit
705 3077 746 3115 aut
756 3069 873 3116 exercitur
883 3070 960 3125 duait,
971 3070 1011 3115 ted
1023 3069 1053 3115 de

107 3136 194 3182 borum
205 3136 339 3194 majoribus,
348 3135 387 3194 qui
399 3135 545 3180 Lucumonea
555 3129 696 3196 (principer)
707 3133 793 3180 Arretii
800 3133 943 3180 luerunt-
951 3132 1054 3196 [magnit

107 3197 250 3264 legionibus]
268 3199 444 3252 ‘exercitibual
460 3200 550 3261 magnit
560 3209 647 3255 autern,
664 3208 691 3244 nt
705 3199 730 3244 in
741 3213 810 3245 ventu
823 3199 932 3245 Saturnio
946 3197 1054 3244 inerint

107 3265 245 3314 Glabrionis
264 3265 342 3311 tabula
360 3265 423 3324 apud
442 3264 540 3310 Atilium
561 3263 802 3324 Fortunatienump.
820 3264 892 3320 wan,
914 3264 939 3309 Ρ.
957 3262 1053 3317 Fundi,

101 3327 184 3394 sagei,
198 3332 320 3390 praelerrtil
335 3331 467 3376 maximoe
483 3329 587 3392 legiones.
596 3353 630 3363 —
642 3325 709 3389 [eaeo
716 3325 847 3390 mipendie]
865 3328 912 3375 Cir.
926 3329 975 3372 Sat.
989 3326 1012 3381 2,
1029 3326 1054 3383 8,

108 3397 149 3444 64.
183 3396 227 3442 Eat
237 3398 306 3440 ‘nam
316 3395 453 3452 corrugato'
468 3408 521 3440 cum
538 3393 632 3441 faetidio
643 3402 668 3440 et
681 3401 816 3454 contemptu
833 3393 938 3445 irridere,
954 3391 1053 3438 rubran-

107 3475 174 3517 nare,
185 3456 351 3523 μυκτηρίζειν,
363 3456 512 3506 orbiniano.

140 3524 231 3582 7-17.
248 3523 319 3586 [Cum
329 3520 427 3584 referre]
444 3523 530 3575 ‘Tum
545 3537 619 3583 quum
637 3520 675 3583 (ut
688 3537 780 3583 temper
794 3518 861 3580 facia)
876 3518 962 3565 referre
973 3534 1054 3581 negas,

107 3605 164 3638 rere
175 3590 218 3637 tibi
230 3589 363 3650 persuadet,
375 3597 438 3635 recte
449 3589 493 3634 hoc
504 3589 590 3635 centia!
601 3611 635 3623 —
646 3585 712 3649 [dart
726 3581 850 3648 legeretur]
871 3585 929 3629 Hoc
940 3584 1009 3631 unica
1018 3595 1057 3634 eet

106 3655 232 3718 aceptiot
250 3653 338 3702 scilicet
352 3667 438 3710 aerior,
455 3667 485 3701 ne
502 3651 777 3764 ιιιιιιὲιιιὲωοηιιίἀοω,
793 3657 821 3695 nt
832 3648 877 3696 ribi
890 3649 1057 3710 pareaamicaa
