2442 4059
147 234 213 303 204
478 239 759 287 intrumentum.
894 206 898 215 ’
996 234 1091 305 [cerne

150 392 203 439 Jam
215 390 267 450 quis
275 390 336 437 inter
348 397 381 436 tot
392 389 435 436 hoa
446 390 505 437 finea
515 398 617 451 praestet,
627 391 736 451 equidem
745 406 792 437 non
803 392 898 448 definio,
908 394 949 439 aed
961 395 1005 441 boc
1017 410 1094 441 unum

149 457 272 511 contendo,
291 464 380 502 certum
398 456 500 514 aliquem
518 456 596 512 linem,
617 471 687 515 quem
703 457 809 517 impensa
826 460 898 517 opera
913 473 1094 519 persequamur,

120 538 122 544 ·
148 522 282 581 eligendum
294 524 351 575 este,
364 534 401 575 ne,
419 521 475 566 dum
488 522 614 577 modulate,
626 522 695 567 modo
711 522 750 567 ille
762 523 848 567 mentia
858 523 932 569 oculis
943 527 1091 580 observatur,

149 588 213 633 velut
232 586 286 631 caci
303 599 407 631 erremus
425 600 501 645 neque
519 587 549 631 ad
569 587 644 631 ullum
667 601 770 645 unquam
789 589 958 646 perveniamua
1001 590 1095 636 Electio

149 659 228 697 autem
240 651 280 696 illa
297 665 333 695 rea
352 657 387 694 eat
405 651 536 709 tranquillae
548 650 706 697 meditationis
721 666 748 697 ac
759 651 820 696 firmi
838 652 1006 712 propositi'-
1016 651 1094 714 [latua

149 723 190 763 aut
200 713 275 775 renea]
294 713 422 777 πλευρῖτις
432 714 474 761 cal
486 722 529 779 υεφ
544 714 599 771 ἴοις.
626 716 693 762 idem
704 714 830 762 verniculus
840 725 876 762 eat
887 719 935 763 Sat.
947 719 970 774 2,
983 718 1007 774 3,
1020 719 1076 765 163.

182 780 284 827 30-32.
303 722 585 843 [amicale—deliciunt]
602 776 724 843 θρύου-ου.
741 781 949 827 ‘Renuntiandum
961 792 998 828 eat
1008 785 1095 843 volup-

150 846 236 891 tatibus
248 846 377 903 harumque
389 844 505 891 desiderio
516 846 622 900 occulto,
639 860 682 892 nec
694 847 995 904 unquamlamentandum,
1007 849 1095 894 duram

149 910 243 956 vivendi
255 910 367 956 rationem
384 925 398 956 a
415 918 437 955 te
455 911 552 955 electam
569 910 736 969 cerel—[Hoc
753 907 809 971 age]
828 911 885 956 ‘uni
902 913 982 958 virtuti
999 913 1095 959 sortiter

66 1012 68 1015 .
150 975 232 1021 stude.¹
257 976 316 1021 Vide
334 976 363 1020 ad
382 976 469 1030 Saea,
487 974 509 1029 3,
527 970 743 1036 tid-[Virtutem]
762 976 867 1025 ‘Quodsi
883 986 971 1033 contra,
990 992 1045 1036 quoe
1062 980 1094 1025 de

148 1041 234 1086 virtute
246 1040 394 1100 disputantur
405 1054 419 1085 a
431 1038 520 1095 Stoicis,
532 1040 612 1085 inania
623 1042 693 1085 verba
703 1051 779 1099 putaa,
793 1050 819 1085 ut
829 1042 935 1086 lucorum
952 1042 1095 1101 religionem

149 1104 216 1151 multi
228 1114 388 1159 contemnunt,
400 1118 485 1163 eosque
497 1104 555 1149 nihil
573 1103 619 1149 nist
635 1107 729 1150 arborea
745 1113 830 1164 putant
846 1120 893 1151 non
911 1107 1003 1151 numini
1020 1107 1094 1153 alicui

149 1179 258 1226 uacrataa,
270 1170 311 1215 aed
322 1170 444 1215 hominum
456 1168 509 1215 ttaui
519 1168 654 1224 destinatae,
667 1169 722 1216 huic
734 1185 813 1217 ruraua
824 1170 907 1215 rationi
923 1171 1095 1218 convenienter

149 1236 217 1287 vive;
246 1249 301 1293 ergo
323 1249 401 1293 quaere
423 1234 465 1279 tibi
487 1248 542 1293 opes
567 1234 724 1289 negotiatione
746 1243 771 1279 et
792 1232 1078 1297 mercaturi.’-[oerl›a

150 1300 240 1346 Ultima
252 1300 318 1345 Bruti
331 1314 375 1344 rox
391 1300 453 1358 apud
465 1298 573 1355 Dionem,
584 1297 625 1357 47,
635 1299 674 1353 49,
692 1294 724 1345 Ὦ
739 1297 839 1361 τλῆμον
854 1297 941 1360 ἀρετή,
958 1298 1038 1363 λόγος
1052 1299 1085 1364 dp

149 1361 212 1423 ἦσθ’·
230 1360 277 1427 ἐγὼ
293 1360 317 1422 δὲ
334 1378 360 1409 οε
372 1358 416 1419 Ὡς
430 1360 505 1425 ἔργον
516 1361 621 1421 ἤσκουν·
632 1361 663 1409 cd
674 1358 695 1408 δ’
706 1359 834 1421 ἐδούλευες
849 1364 962 1427 τύχῃ-
971 1362 1092 1429 [occupet]

147 1446 263 1490 occupare,
282 1425 395 1491 φθάνειν,
414 1443 589 1488 preoccupare,
616 1429 660 1475 Od.
679 1429 702 1485 2,
722 1428 813 1485 1228.
838 1430 888 1476 Liv.
908 1430 929 1487 1,
950 1430 988 1487 14,
1008 1433 1092 1478 ullane

140 1493 222 1556 secere
233 1500 348 1553 occupant.

180 1559 283 1606 33-35.
302 1554 352 1619 [Ne
372 1555 518 1620 Cibyratica]
543 1558 632 1603 ‘Simul
651 1572 678 1604 ac
694 1572 759 1604 mare
778 1568 884 1618 apertum
902 1568 936 1605 eat
953 1560 1012 1605 alioa
1029 1575 1092 1620 pre-

149 1624 245 1669 veniens
268 1626 353 1682 naviga
373 1622 484 1683 Cibyram
503 1638 614 1682 magnam
633 1620 726 1682 (urbem
749 1623 858 1683 Phrygia
878 1639 976 1684 magnae,
996 1634 1093 1685 propter

147 1689 288 1734 ferramenta
305 1685 464 1749 celebratam),
482 1695 552 1746 atque
563 1688 587 1733 in
598 1686 743 1746 Bithyniam,
752 1703 798 1747 qua
807 1698 861 1734 ante·
872 1689 968 1735 aemuloa
979 1692 1096 1749 appulsu»

148 1753 247 1812 optimas
259 1768 362 1812 quasque
374 1768 462 1799 merces
472 1752 546 1813 pretio
557 1767 628 1813 quam
639 1752 737 1798 minimo
752 1768 851 1799 coemat.
884 1754 947 1799 lllud
962 1769 1018 1800 rero
1036 1764 1094 1801 ante

149 1817 228 1864 amnia
244 1818 286 1863 tibi
306 1818 449 1878 propositum
468 1817 505 1872 ait,
523 1825 549 1863 ut
568 1818 632 1863 mille
649 1818 744 1872 talenta,
761 1818 803 1864 &a
819 1819 940 1877 acquiraa’
952 1843 985 1851 -
997 1815 1094 1879 [ruan-

148 1879 242 1943 deatar]
269 1882 461 1942 ‘compleantur’
494 1883 570 1928 Omne
593 1882 656 1928 enim
679 1883 743 1942 quod
762 1884 889 1928 rotundum
910 1891 953 1939 eat,
974 1887 1004 1930 ab
1025 1884 1092 1931 omui

148 1956 213 2008 parte
224 1957 259 1993 eat
270 1947 405 2006 perlectum.
415 1970 449 1979 -
461 1942 608 2009 [succedant]
627 1948 670 1993 ‘ad
682 1948 729 1993 duo
743 1948 820 2008 priora
831 1948 951 2007 paullatim
963 1950 1093 1995 accedant!
1124 1994 1128 1999 ,

147 2036 179 2047 -
192 2008 314 2074 [quadret]
333 2009 439 2067 ‘efficiat
450 2018 477 2055 ut
487 2020 587 2069 quatuor
598 2011 671 2057 millia
682 2013 769 2058 talenta
779 2012 913 2073 possideas!

179 2076 219 2133 37,
229 2078 268 2124 38.
287 2074 380 2137 [regina
391 2072 505 2137 Pecunia]
523 2076 607 2121 eadem
624 2076 735 2134 imagine,
754 2079 802 2136 qua
817 2078 879 2139 apud
897 2076 944 2124 cia
963 2079 992 2123 de
1009 2080 1050 2124 Or.
1066 2079 1093 2137 2,

148 2141 187 2197 44,
206 2152 274 2203 poeta
286 2158 291 2187 :
305 2142 430 2201 flexanima
452 2147 520 2201 atque
540 2143 637 2187 omnium
654 2143 735 2201 regina
753 2158 828 2189 rerum
849 2141 1093 2205 cratia-[Suadela]

148 2205 237 2263 Πείθω,
250 2208 329 2253 Ennio
341 2207 420 2253 Suada
431 2203 492 2265 (Cic.
510 2205 576 2251 Brut.
595 2204 645 2264 15),
662 2206 818 2265 persuadendi
833 2208 884 2263 dea,
903 2207 1004 2257 Quintil.
1017 2208 1056 2265 10,
1069 2209 1093 2263 1,

148 2268 324 2334 82—[Venaa]
343 2271 380 2317 lric
392 2285 433 2331 pro
444 2278 563 2316 venustate
575 2277 597 2315 et
608 2270 692 2329 gratia.
710 2269 771 2319 Plin.
782 2271 821 2329 35,
831 2270 868 2329 10,
881 2274 1094 2321 omnibu—acme

148 2353 197 2384 eom
210 2338 326 2390 Venerem,
337 2352 404 2398 quam
418 2336 493 2382 Greci
504 2330 596 2397 χάριτα
606 2341 694 2381 emant.

179 2402 282 2450 39-44.
301 2399 473 2463 [Cappadocum
483 2397 536 2461 rea]
558 2401 612 2450 Quo
630 2407 734 2457 tempore
750 2399 801 2446 liaec
819 2401 925 2460 Epistola
942 2402 1029 2462 scripta
1046 2412 1095 2461 eat,

147 2469 260 2526 regnabat
281 2467 376 2511 ultimus
394 2465 525 2511 Archelaus
548 2462 649 2526 (nuc.
669 2463 818 2525 710-771).
852 2467 905 2512 Jam
927 2468 956 2512 de
977 2469 1028 2527 ejur
1047 2469 1093 2513 de·

147 2546 236 2577 caesore
255 2531 412 2576 Ariobarzane
431 2531 512 2576 acribit
533 2530 615 2575 Cicero
636 2527 732 2590 (auc.
751 2529 811 2590 704)
828 2532 859 2576 ad
877 2533 925 2577 Att.
941 2531 965 2587 6,
983 2531 1006 2585 1,
1022 2532 1095 2579 Ntatt

147 2597 187 2642 illo
203 2611 273 2656 regno
287 2596 412 2655 mellariae,
429 2596 488 2641 nittt
505 2609 558 2655 rege
574 2596 684 2655 egentius.
717 2595 752 2640 tb.
764 2595 810 2655 Ep.
821 2594 844 2652 3,
856 2597 1033 2651 Ariobarzanes,
1049 2613 1095 2645 ree

144 2676 282 2721 perpauper,
293 2660 330 2705 cui
341 2659 427 2719 inopia
437 2659 470 2705 ita
481 2673 547 2717 reges
558 2658 592 2703 illi
605 2659 767 2717 metiebantur,
782 2668 808 2705 ut
824 2663 937 2721 munctpio
948 2676 998 2715 aua,
1004 2662 1034 2706 id
1045 2670 1092 2719 eat,

148 2725 254 2771 homines
271 2725 345 2784 gleba
362 2724 497 2784 adscriptos,
508 2737 593 2769 renum
612 2720 789 2784 darent-[Ne
798 2720 890 2786 suerit]
909 2726 961 2771 “l’u
978 2726 1026 2772 noli
1042 2734 1095 2773 tam

147 2803 237 2850 pauper
247 2804 297 2834 esse
307 2804 376 2847 quam
387 2789 554 2850 Cappadocum
562 2788 671 2847 regulata
689 2803 744 2846 ergo
761 2789 843 2848 quovis
855 2790 982 2836 madorem
994 2806 1092 2850 quaere:

148 2864 172 2900 et
183 2855 269 2899 bellum
282 2854 352 2899 habea
364 2868 434 2913 opum
446 2854 587 2913 exemplum,
601 2853 629 2899 L.
642 2853 766 2899 Lucullum
778 2854 844 2900 dico!
856 2878 889 2887 —
901 2851 998 2916 [scene]
1016 2870 1095 2915 quum

148 2918 295 2979 splendidam
314 2920 416 2977 aliquam
433 2933 543 2979 pompam
565 2919 601 2963 vel
624 2917 769 2977 triumphum
787 2919 811 2963 in
831 2920 947 2978 tragedia
966 2920 1094 2969 histrionea

148 2984 303 3030 imitarentur.
328 2983 376 3029 Clr.
396 2979 770 3044 Epp.2,l‚190.-[praedere]
788 2985 965 3041 ‘commodare’
984 2995 1012 3031 ut
1029 2987 1093 3033 aule-

149 3051 205 3095 bant
226 3048 296 3095 etiam
319 3047 356 3101 iis,
380 3048 420 3105 qui
442 3062 539 3093 munera
560 3047 699 3106 gladiatoria
720 3047 828 3105 edebant,
849 3049 917 3094 amici
940 3050 1094 3109 suppeditare

147 3123 235 3160 atatuaa
246 3112 338 3171 aliaque
349 3111 404 3156 circi
415 3122 559 3159 ornamenta.
566 3136 598 3145 -
607 3108 722 3173 [tolleret]
739 3110 890 3176 στρατηγός,
902 3114 1020 3160 Plutarchi
1033 3115 1092 3162 Luc.

149 3179 188 3232 39,
200 3187 292 3238 praetor,
302 3176 342 3236 qui
354 3177 511 3234 spectaculum
522 3177 612 3223 edebat.

181 3244 283 3292 tta-51.
302 3240 397 3303 [species
413 3247 437 3287 et
451 3238 543 3301 gratia]
569 3242 694 3302 ‘splendor
710 3250 821 3287 externur
838 3239 911 3303 (latua
927 3243 1016 3300 clavus,
1033 3245 1094 3291 aella

148 3310 243 3367 curulia,
258 3306 341 3366 faeces)
364 3313 386 3351 et
405 3319 462 3350 aura
478 3305 611 3365 popularia.¹
623 3302 777 3367 -[acrraar]
801 3308 1006 3365 nomenclatorem,
1023 3311 1092 3370 eujua

149 3381 198 3418 erat
210 3373 311 3419 ediscere
324 3370 418 3417 nomina
429 3369 574 3427 singulorum
585 3384 657 3430 prope
668 3370 762 3426 civium,
774 3386 829 3430 quo,
839 3372 859 3417 ai
870 3374 995 3432 prensabat
1012 3374 1092 3420 domi·

148 3450 201 3492 uua,
219 3449 409 3496 unumquemque
424 3434 518 3479 nomine
535 3434 653 3493 appellare
669 3444 753 3494 poaaet,
770 3445 892 3495 postquam
905 3451 986 3483 servus
1004 3438 1050 3484 hoc
1069 3439 1092 3485 ei

148 3501 264 3557 dictasset,
281 3504 330 3561 ejus
347 3500 398 3546 auri
415 3498 588 3543 insusurraaset.
599 3521 633 3530 -
645 3495 737 3558 [huam
752 3497 826 3562 latur]
852 3502 913 3559 quud
931 3503 1093 3549 nomenclator

148 3564 206 3609 hero
216 3567 323 3623 tegeba13
334 3561 441 3626 fodicare
458 3571 536 3607 autem
554 3562 588 3620 (id
599 3569 642 3618 eat,
653 3576 715 3622 eaepe
734 3572 758 3609 et
771 3566 856 3610 aeriter
874 3566 960 3622 ludere,
977 3581 1093 3626 pungere,

148 3627 266 3688 vellicare)
284 3631 389 3675 solebant
407 3629 475 3685 latua,
495 3640 542 3686 quo
560 3626 628 3685 tigno
646 3630 748 3673 attentat
768 3629 894 3676 redderent
914 3632 944 3677 de
964 3631 1046 3691 atiqut
1064 3647 1092 3679 re
