2442 4059
60 335 65 342 .
96 302 148 361 ,ou
159 287 286 351 stannes]
440 286 720 336 intentantium.
985 287 1043 353 27}

108 443 190 489 monis
200 440 329 500 analogiam
345 436 418 493 iactis,
433 439 497 499 cttjus
512 439 603 497 generis
619 440 682 499 apud
695 438 817 485 Horatium
831 447 885 486 sunt
902 444 1048 495 centimanus,

109 505 260 569 tauriformis,
286 506 395 552 belluosus
417 501 590 565 (μεγακὴτης),
617 506 724 559 insudas,
746 519 826 554 curun
847 507 944 552 uestibus
963 509 1046 553 illitum

109 566 325 636 (χρυσόπαστος).
356 569 477 622 ‘Verum,'
495 569 578 627 inquit,
595 569 637 614 ‘in
660 569 704 615 lton
723 583 815 629 quoque
831 571 971 629 parcimonia
989 586 1047 631 opus

109 647 155 692 est,
175 651 204 682 ne
224 634 291 681 nimis
309 633 424 692 graecisset
442 634 514 679 oratio
531 633 725 693 peregrinumque
743 636 840 680 colorem
863 632 1047 696 ducan'-[de·

110 698 189 761 torto]
207 700 323 746 ‘deducte
339 707 363 745 et
379 698 490 744 translata
504 698 529 743 in
544 698 648 757 lingnam
660 699 788 753 bstinsms'
805 699 838 745 sic
849 701 898 761 lam
911 701 969 747 Coto
985 702 1048 761 apud

112 766 227 813 Priscian.
249 779 272 825 p.
288 762 343 817 871,
366 763 404 809 tt:
430 763 558 809 Marrucini
579 764 741 819 mentando
760 764 840 810 Murro
859 766 970 811 detorsuns
992 765 1047 827 (sic)

111 824 367 890 nouen.-[Ceottto]
386 828 478 874 Caecilio
489 828 569 883 Statio,
587 828 751 875 comoediarum
767 830 879 887 scriptori.
912 829 971 875 Vide
987 831 1048 890 lipp.

113 894 227 951 2,1,69.
260 892 345 943 ‘Quid
364 901 472 951 negatum
494 893 537 938 erit
555 892 750 951 prestantissimis
771 903 855 939 nostrae
874 895 948 941 estatis
965 896 1048 954 poetis,

113 960 181 1019 quod
195 960 294 1005 libenter
312 972 374 1003 nunc
392 958 521 1003 concedunt
537 956 629 1003 comicis
647 957 719 1003 seculi
738 958 797 1003 sesti
814 966 884 1017 atque
900 959 924 1004 in
942 960 979 1005 his
995 974 1048 1019 pro-

115 1027 175 1071 bunt
184 1023 201 1068 i’
209 1047 242 1057 -
251 1018 380 1085 [anquirere
387 1018 476 1082 pauco]
494 1022 626 1068 Admodum
641 1024 759 1069 modeste:
778 1024 870 1081 ‘paucis
881 1025 962 1069 saltem
974 1025 1049 1071 verbis

116 1098 141 1135 et
151 1087 361 1134 constructionibus
376 1101 460 1145 augere
476 1087 719 1145 linguamLstinsmt'
736 1095 763 1132 ut
776 1088 866 1134 ridetur
881 1088 924 1134 hoe
938 1089 988 1149 ipso
1000 1090 1049 1136 loco

115 1154 199 1201 iecisse
210 1152 234 1197 in
246 1168 266 1198 r.
283 1153 390 1206 inuideor,
407 1148 552 1213 φθονοῡμαι,
568 1166 609 1211 pro
624 1154 736 1198 incidetur
746 1153 807 1198 mibi
819 1176 851 1187 -
860 1150 981 1213 [presente
997 1157 1050 1201 notd

113 1220 240 1279 producere
251 1213 339 1276 nomen]
357 1217 462 1273 Imagine
478 1231 506 1261 ex
523 1225 587 1276 parte
599 1216 720 1276 desumpti
734 1217 866 1271 snummis,
883 1231 980 1277 quorum
991 1226 1049 1265 uota

118 1292 176 1329 tune
186 1282 309 1341 quotannis
325 1283 474 1327 mutabantur
489 1296 517 1326 cr
535 1280 630 1327 arbitrio
645 1294 774 1327 annuorum
787 1282 956 1327 triumvirorum
969 1296 1049 1329 mone·

117 1347 212 1394 teliumt
226 1345 298 1408 (recte
309 1347 370 1392 enim
383 1352 483 1399 vertunt,
494 1346 603 1406 ‘bearing
614 1348 651 1392 tie
661 1352 753 1392 current
762 1348 855 1406 stampe!
867 1348 891 1392 in
903 1348 975 1392 alteri
985 1356 1051 1408 parte

117 1420 197 1459 servat
216 1413 285 1458 rerba
301 1410 400 1471 propria.
433 1411 559 1458 Produoere
575 1426 687 1457 nannum
707 1410 789 1470 (veluti
811 1411 834 1457 in
852 1412 972 1457 hominum
993 1426 1049 1457 con·

118 1474 236 1536 spectum
262 1476 376 1535 signifieat
402 1490 497 1521 nummo
516 1490 590 1535 nuper
617 1490 672 1521 cuso
691 1476 792 1535 primum
813 1476 846 1522 uti
868 1477 892 1522 ln
914 1476 1051 1523 commertio

118 1541 270 1601 quotidianos
287 1541 319 1587 sic
332 1542 453 1600 producere
467 1556 544 1587 nomeu
559 1554 586 1586 eo
599 1541 700 1600 primum
711 1539 745 1585 uti
759 1541 784 1585 in
795 1555 900 1587 sermone
910 1542 946 1587 vel
957 1542 1049 1601 scripto.

111 1605 235 1731 diluinetil.
255 1605 276 1661 l,
292 1604 315 1661 6,
333 1606 369 1661 18,
396 1606 506 1652 Utendum
518 1606 586 1665 plone
604 1620 703 1652 sermm
720 1606 781 1652 uelut
793 1621 888 1662 nunno,
903 1608 941 1652 cui
959 1608 1052 1666 publico

129 1676 245 1719 ormasst.

153 1734 195 1790 66,
205 1733 244 1783 61.
276 1735 319 1781 Vs.
330 1733 433 1789 ott-72,
450 1749 479 1780 ex
496 1733 546 1794 ipsi
563 1733 617 1780 vitas
631 1733 739 1780 humanm
754 1735 838 1781 nutari
853 1735 916 1781 ilnxd
930 1743 954 1780 et
964 1735 1052 1781 caduci

119 1803 283 1847 neeeuitstem
298 1799 383 1857 lingum
402 1814 492 1859 semper
511 1800 630 1854 novandse,
648 1813 678 1846 ne
694 1812 815 1859 corporum
833 1799 963 1846 mortalium
980 1800 1053 1846 instar

121 1865 230 1919 interest,
257 1866 343 1923 magni
361 1879 414 1910 cum
431 1872 481 1910 srte
503 1864 652 1919 demonstret,
673 1862 766 1910 insertis
786 1864 930 1923 elegantibus
950 1865 1053 1923 Augusti

121 1926 335 1990 leoninus-[Ut
351 1930 413 1975 silue
424 1925 503 1989 soliis]
525 1931 594 1975 ablat.
612 1926 718 1975 instrum.
737 1928 829 1989 proprie
845 1930 924 1976 ‘silva
939 1944 981 1989 per
998 1928 1053 1975 folia

122 1994 249 2053 quotannis
266 1993 395 2040 decidentis
412 1994 464 2039 alise
482 1993 555 2039 liunt.¹
589 1993 686 2039 Fundus
701 1992 828 2053 frequentis
843 1991 1002 2040 similitudinis
1018 2003 1054 2039 est

123 2059 192 2105 llitd.
205 2059 232 2105 Z.
243 2058 296 2113 146,
313 2052 360 2115 oin
374 2072 421 2119 περ
433 2056 537 2122 φύλλων
547 2054 629 2121 γενεὴ,
643 2053 724 2115 cottidi
740 2056 781 2104 rai
792 2053 937 2120 ἀνδρῶν.-
959 2073 1040 2117 pronos

123 2124 174 2170 ‘sd
197 2122 265 2169 linem
291 2124 426 2182 sergentes,'
453 2132 478 2169 ut
500 2138 583 2183 monus
609 2124 678 2169 Orion
699 2121 937 2177 61111718.-
961 2124 1039 2169 Primo

124 2188 216 2248 ‘prima
235 2190 350 2247 qnaeque,'
367 2191 455 2234 ‘unum
474 2198 525 2249 post
545 2188 659 2235 alterum.¹
669 2212 700 2223 -
710 2184 784 2249 [setus
797 2185 866 2249 etus]
889 2189 973 2233 ‘verba
988 2187 1054 2245 inre·

123 2252 263 2299 teraseentitt
273 2261 342 2312 etque
352 2254 468 2299 obsoleta!

157 2316 261 2364 63-66.
279 2314 416 2379 [Debemus]
440 2316 570 2363 Simonides
581 2317 667 2377 p.178,
679 2316 748 2363 Sebn.
766 2314 869 2377 θανάτῳ
885 2312 981 2371 πάντες
991 2313 1054 2378 dper-

123 2379 377 2444 Mptdoe-qi'erro]
402 2384 501 2442 Egregii
518 2390 566 2429 arte
585 2396 640 2428 usus
659 2381 758 2440 Augusti
778 2382 858 2427 laudes
878 2390 971 2440 propter
989 2395 1055 2440 mag·

125 2446 197 2493 nites
213 2460 282 2507 opero
304 2448 395 2507 publiea
412 2448 502 2501 sttexit,
518 2448 620 2507 peritura
641 2447 690 2492 bssc
711 2460 810 2505 quoque,
832 2454 857 2491 ut
878 2447 973 2504 periere,
995 2447 1054 2491 ratl-

125 2510 214 2557 ninans.
256 2512 319 2570 Virg.
340 2513 382 2557 Ge.
400 2513 422 2568 2,
443 2511 502 2559 lot:
529 2514 565 2557 Au
582 2526 696 2559 mammons
714 2517 794 2571 portus
814 2512 955 2572 Lucrinoque
975 2512 1056 2557 addito

125 2578 229 2625 olossstro
246 2578 320 2638 Atque
338 2578 479 2637 indignatum
495 2577 581 2635 nom
596 2578 732 2623 stridoribus
749 2590 831 2637 sequor,
850 2577 914 2622 lulio
929 2590 974 2637 qno
989 2584 1055 2635 ponto

126 2642 193 2702 longe
203 2647 267 2687 sonui
277 2644 339 2688 undo
354 2638 435 2702 refuso,
457 2642 627 2703 Tyrrhenusque
634 2638 707 2698 fretis
720 2643 850 2687 inmittitur
862 2648 929 2687 ossus
941 2640 1055 2687 Auernis?

127 2717 212 2753 mmo.
221 2704 275 2761 717,
286 2720 359 2765 quum
368 2716 447 2752 contra
459 2708 511 2752 Ser.
532 2705 666 2765 Pompeium
677 2706 737 2751 mule
746 2719 795 2751 rem
803 2705 909 2764 gessisset
916 2705 1055 2751 Octavianus

128 2772 214 2825 Cesar,
230 2780 256 2816 ut
269 2771 397 2817 reficiendis
413 2772 522 2817 classibus
538 2772 614 2817 locum
630 2778 706 2816 tutum
723 2771 825 2826 baberet,
844 2771 952 2830 Agrippas
962 2769 1058 2816 consilio

126 2846 221 2897 portum
234 2836 346 2882 linianum
358 2836 382 2882 in
393 2836 445 2883 sinu
456 2836 582 2882 Puteolano
592 2833 770 2881 commodiorem
782 2834 813 2881 ite
824 2835 932 2891 reddidit,
943 2843 970 2880 ut
983 2835 1058 2880 locum

131 2900 257 2947 Lucrinum
277 2900 397 2961 interjecto
415 2914 499 2959 aggere
516 2916 530 2947 a
546 2900 604 2946 tunsi
622 2900 736 2945 seclusum
753 2913 806 2946 cum
824 2900 875 2946 lacu
887 2901 996 2954 -Averno,
1017 2900 1058 2957 qui

130 2964 231 3012 Lucrino
245 2966 370 3026 ediscebat,
381 2968 538 3026 conjungeret,
556 2978 662 3023 aggerem
674 2973 760 3018 sutem,
775 2964 817 3023 qui
828 2976 853 3009 v.
865 2965 991 3010 stadiorum
1002 2974 1059 3019 erat,

129 3037 251 3091 postquam
270 3045 297 3075 eo
315 3030 423 3091 perfosso,
441 3030 528 3077 aditum
547 3029 644 3075 navibus
659 3029 684 3074 in
694 3039 785 3088 portum
797 3029 888 3085 iecerat,
906 3030 938 3075 its
949 3028 1057 3082 muniret,

130 3102 157 3141 ut
177 3094 314 3141 adnntibus
335 3096 438 3155 superari
463 3094 570 3155 nequiret
593 3093 737 3153 naribusque
758 3102 821 3139 tutus
842 3095 904 3139 intra
924 3106 978 3138 eum
998 3101 1059 3137 esset

130 3168 244 3218 receptus.
280 3160 323 3206 Hic
339 3162 420 3207 Portus
431 3160 507 3207 lulius
519 3167 627 3212 vocotus3
643 3157 718 3218 (nunc
728 3167 763 3204 est
776 3160 940 3206 arundinetum
951 3157 1060 3215 palustre,

132 3224 188 3271 otor
207 3222 296 3284 niorto.)
309 3248 342 3259 -
357 3220 522 3285 [aquilonibus]
550 3238 592 3284 pro
613 3224 720 3269 otunibus
741 3224 854 3284 procellis,
875 3232 902 3267 ut
924 3222 986 3280 Virg.
1004 3222 1061 3267 AEn.

133 3288 156 3335 d.
167 3287 222 3335 310.
251 3290 387 3335 Errantem
404 3290 501 3344 dativus,
534 3288 678 3348 ‘Aquilones
695 3298 758 3334 arcet
775 3304 789 3334 s
807 3283 1061 3346 comburi-[Regis

124 3349 199 3413 spus]
218 3353 331 3411 ‘dignum
343 3356 378 3399 vel
390 3368 443 3412 rege
461 3354 635 3414 potentissimo,'
652 3361 678 3398 ut
690 3354 733 3399 Od
744 3354 768 3408 2,
781 3353 818 3408 16,
831 3351 852 3407 1,
868 3354 938 3412 regio
948 3352 1020 3396 noles.
1029 3374 1062 3385 -·

133 3414 262 3479 [sonitore
273 3421 313 3465 diu
321 3416 400 3481 polus]
418 3420 478 3465 Sane
494 3419 643 3465 studiendum
659 3426 702 3473 est,
718 3419 810 3464 licentii
826 3416 915 3475 poetici
927 3429 995 3460 usum
1012 3428 1061 3461 esse

135 3482 257 3528 Horatium
269 3481 294 3528 in
307 3483 388 3529 ultimi
404 3484 454 3544 syll
466 3499 486 3529 n.
494 3485 561 3544 polus
570 3480 876 3545 corripienda-[optoque
887 3477 965 3541 remis]
982 3479 1062 3526 ‘nasi-

133 3544 231 3606 gabilie'
265 3548 397 3609 Pomptinos
414 3549 510 3608 paludes
527 3548 650 3606 Augustus
669 3546 792 3594 exsiccavit
811 3555 835 3590 et
856 3544 992 3590 habitabiles
1008 3545 1062 3591 red·
1117 3576 1120 3581 -

134 3610 203 3666 didit,
219 3612 303 3673 injecto
321 3627 405 3672 aggere
424 3613 527 3673 lapidum
543 3622 567 3660 et
583 3622 657 3658 terrm.
684 3613 757 3659 Senot
797 3609 853 3656 Tale
869 3619 947 3655 tumen
962 3608 1062 3668 Augusti

130 3690 193 3739 opus
203 3689 219 3725 a
229 3676 320 3725 nemine
331 3686 442 3739 praeterea
452 3686 599 3725 memoretur.

590 3739 640 3789 Ni
