<?xml version="1.0" encoding="UTF-8"?>
<!DOCTYPE html PUBLIC "-//W3C//DTD XHTML 1.0 Transitional//EN"
    "http://www.w3.org/TR/xhtml1/DTD/xhtml1-transitional.dtd">
<html xmlns="http://www.w3.org/1999/xhtml" xml:lang="en" lang="en">
 <head>
  <title>
</title>
<meta http-equiv="Content-Type" content="text/html;charset=utf-8" />
  <meta name='ocr-system' content='tesseract 3.04.00' />
  <meta name='ocr-capabilities' content='ocr_page ocr_carea ocr_par ocr_line ocrx_word'/>
</head>
<body>
  <div class='ocr_page' id='page_1' title='image "./ecloghoratianad00flacgoog_0181.png"; bbox 0 0 2442 4059; ppageno 0'>
   <div class='ocr_carea' id='block_1_1' title="bbox 119 243 1060 338">
    <p class='ocr_par' dir='ltr' id='par_1_1' title="bbox 119 243 1060 338">
     <span class='ocr_line' id='line_1_1' title="bbox 119 243 1060 338; baseline 0.012 -22"><span class='ocrx_word' id='word_1_1' title='bbox 119 267 265 332; x_wconf 71' lang='lat' dir='ltr'><strong>nn.n.o.]</strong></span> <span class='ocrx_word' id='word_1_2' title='bbox 451 243 734 318; x_wconf 80' lang='lat' dir='ltr'><strong>rnrnnrnnrnrro.</strong></span> <span class='ocrx_word' id='word_1_3' title='bbox 887 316 890 322; x_wconf 90' lang='lat'><strong>.</strong></span> <span class='ocrx_word' id='word_1_4' title='bbox 1000 271 1060 338; x_wconf 79' lang='lat'><strong>173</strong></span> 
     </span>
    </p>
   </div>
   <div class='ocr_carea' id='block_1_2' title="bbox 53 419 1066 3704">
    <p class='ocr_par' dir='ltr' id='par_1_2' title="bbox 116 419 1060 985">
     <span class='ocr_line' id='line_1_2' title="bbox 118 419 1060 486; baseline 0.003 -19"><span class='ocrx_word' id='word_1_5' title='bbox 118 435 167 467; x_wconf 92' lang='lat' dir='ltr'><strong>non</strong></span> <span class='ocrx_word' id='word_1_6' title='bbox 179 420 257 476; x_wconf 78' lang='lat' dir='ltr'><strong>luerit,</strong></span> <span class='ocrx_word' id='word_1_7' title='bbox 268 419 327 466; x_wconf 87' lang='lat' dir='ltr'><strong>mihi</strong></span> <span class='ocrx_word' id='word_1_8' title='bbox 338 421 461 480; x_wconf 83' lang='lat' dir='ltr'><strong>postmodo</strong></span> <span class='ocrx_word' id='word_1_9' title='bbox 473 434 558 467; x_wconf 77' lang='lat' dir='ltr'><strong>noxum</strong></span> <span class='ocrx_word' id='word_1_10' title='bbox 569 421 673 468; x_wconf 73' lang='lat' dir='ltr'><strong>efferete&#39;</strong></span> <span class='ocrx_word' id='word_1_11' title='bbox 688 437 717 468; x_wconf 85' lang='lat' dir='ltr'><strong>ex</strong></span> <span class='ocrx_word' id='word_1_12' title='bbox 733 421 824 468; x_wconf 74' lang='lat' dir='ltr'><strong>Biantis</strong></span> <span class='ocrx_word' id='word_1_13' title='bbox 839 421 880 468; x_wconf 76' lang='lat' dir='ltr'><strong>illi</strong></span> <span class='ocrx_word' id='word_1_14' title='bbox 896 420 991 486; x_wconf 69' lang='grc' dir='ltr'><strong>γνώμη,</strong></span> <span class='ocrx_word' id='word_1_15' title='bbox 1007 438 1060 483; x_wconf 71' lang='lat' dir='ltr'><strong>que</strong></span> 
     </span>
     <span class='ocr_line' id='line_1_3' title="bbox 118 481 1060 550; baseline 0.005 -19"><span class='ocrx_word' id='word_1_16' title='bbox 118 485 143 531; x_wconf 92' lang='lat' dir='ltr'><strong>in</strong></span> <span class='ocrx_word' id='word_1_17' title='bbox 159 485 310 546; x_wconf 86' lang='lat' dir='ltr'><strong>proverbium</strong></span> <span class='ocrx_word' id='word_1_18' title='bbox 326 485 397 532; x_wconf 77' lang='lat' dir='ltr'><strong>obiit:</strong></span> <span class='ocrx_word' id='word_1_19' title='bbox 415 481 520 549; x_wconf 79' lang='grc' dir='ltr'><strong>Ἐγγύα,</strong></span> <span class='ocrx_word' id='word_1_20' title='bbox 536 483 606 550; x_wconf 82' lang='grc' dir='ltr'>πάρα</span> <span class='ocrx_word' id='word_1_21' title='bbox 624 482 644 532; x_wconf 77' lang='grc' dir='ltr'><strong>δ’</strong></span> <span class='ocrx_word' id='word_1_22' title='bbox 661 484 719 534; x_wconf 83' lang='lat' dir='ltr'><strong>o&#39;ro.</strong></span> <span class='ocrx_word' id='word_1_23' title='bbox 730 511 763 521; x_wconf 90' lang='lat'><em>-</em></span> <span class='ocrx_word' id='word_1_24' title='bbox 774 484 848 549; x_wconf 84' lang='lat' dir='ltr'><strong>[olore</strong></span> <span class='ocrx_word' id='word_1_25' title='bbox 863 485 1003 549; x_wconf 81' lang='lat' dir='ltr'><strong>certumque]</strong></span> <span class='ocrx_word' id='word_1_26' title='bbox 1017 491 1060 536; x_wconf 83' lang='lat' dir='ltr'><strong>Est</strong></span> 
     </span>
     <span class='ocr_line' id='line_1_4' title="bbox 118 549 1060 613; baseline 0.005 -18"><span class='ocrx_word' id='word_1_27' title='bbox 118 549 164 596; x_wconf 86' lang='lat' dir='ltr'><strong>hoe</strong></span> <span class='ocrx_word' id='word_1_28' title='bbox 182 564 212 596; x_wconf 83' lang='lat' dir='ltr'><strong>ex</strong></span> <span class='ocrx_word' id='word_1_29' title='bbox 230 549 383 596; x_wconf 84' lang='lat' dir='ltr'><strong>iormuisrum</strong></span> <span class='ocrx_word' id='word_1_30' title='bbox 400 565 514 605; x_wconf 85' lang='lat' dir='ltr'><strong>sermone,</strong></span> <span class='ocrx_word' id='word_1_31' title='bbox 532 565 561 597; x_wconf 83' lang='lat' dir='ltr'><strong>ex</strong></span> <span class='ocrx_word' id='word_1_32' title='bbox 579 567 626 611; x_wconf 89' lang='lat' dir='ltr'><strong>quo</strong></span> <span class='ocrx_word' id='word_1_33' title='bbox 642 553 705 612; x_wconf 79' lang='lat' dir='ltr'><strong>apud</strong></span> <span class='ocrx_word' id='word_1_34' title='bbox 720 553 897 613; x_wconf 71' lang='lat' dir='ltr'><strong>jurisconsultos</strong></span> <span class='ocrx_word' id='word_1_35' title='bbox 912 560 975 599; x_wconf 82' lang='lat' dir='ltr'><strong>certo</strong></span> <span class='ocrx_word' id='word_1_36' title='bbox 991 555 1060 601; x_wconf 71' lang='lat' dir='ltr'><strong>oeric</strong></span> 
     </span>
     <span class='ocr_line' id='line_1_5' title="bbox 117 615 1060 678; baseline 0.004 -17"><span class='ocrx_word' id='word_1_37' title='bbox 117 616 200 662; x_wconf 79' lang='lat' dir='ltr'><strong>eedem</strong></span> <span class='ocrx_word' id='word_1_38' title='bbox 212 622 268 661; x_wconf 89' lang='lat' dir='ltr'><strong>sunt</strong></span> <span class='ocrx_word' id='word_1_39' title='bbox 278 629 305 661; x_wconf 82' lang='lat' dir='ltr'><strong>so</strong></span> <span class='ocrx_word' id='word_1_40' title='bbox 315 615 437 661; x_wconf 78' lang='lat' dir='ltr'><strong>sollemnis</strong></span> <span class='ocrx_word' id='word_1_41' title='bbox 447 623 471 662; x_wconf 89' lang='lat' dir='ltr'><strong>et</strong></span> <span class='ocrx_word' id='word_1_42' title='bbox 481 615 598 674; x_wconf 77' lang='lat' dir='ltr'><strong>legitima:</strong></span> <span class='ocrx_word' id='word_1_43' title='bbox 616 625 741 677; x_wconf 87' lang='lat' dir='ltr'><strong>utrumque</strong></span> <span class='ocrx_word' id='word_1_44' title='bbox 752 626 830 663; x_wconf 82' lang='lat' dir='ltr'><strong>sutem</strong></span> <span class='ocrx_word' id='word_1_45' title='bbox 841 632 866 663; x_wconf 85' lang='lat' dir='ltr'><strong>v.</strong></span> <span class='ocrx_word' id='word_1_46' title='bbox 875 618 908 663; x_wconf 82' lang='lat' dir='ltr'><strong>its</strong></span> <span class='ocrx_word' id='word_1_47' title='bbox 914 618 1023 678; x_wconf 72' lang='lat' dir='ltr'><strong>jungitur</strong></span> <span class='ocrx_word' id='word_1_48' title='bbox 1033 619 1060 665; x_wconf 86' lang='lat' dir='ltr'><strong>in</strong></span> 
     </span>
     <span class='ocr_line' id='line_1_6' title="bbox 116 679 1059 742; baseline 0.004 -16"><span class='ocrx_word' id='word_1_49' title='bbox 116 679 220 726; x_wconf 71' lang='lat' dir='ltr'><strong>formula</strong></span> <span class='ocrx_word' id='word_1_50' title='bbox 235 679 299 740; x_wconf 75' lang='lat' dir='ltr'><strong>opud</strong></span> <span class='ocrx_word' id='word_1_51' title='bbox 315 679 364 726; x_wconf 86' lang='lat' dir='ltr'><strong>Lir.</strong></span> <span class='ocrx_word' id='word_1_52' title='bbox 377 679 399 735; x_wconf 89' lang='lat' dir='ltr'><strong>l,</strong></span> <span class='ocrx_word' id='word_1_53' title='bbox 417 679 453 734; x_wconf 81' lang='lat'><strong>18,</strong></span> <span class='ocrx_word' id='word_1_54' title='bbox 464 681 616 740; x_wconf 74' lang='lat' dir='ltr'><strong>Jupiter-to</strong></span> <span class='ocrx_word' id='word_1_55' title='bbox 630 683 697 742; x_wconf 77' lang='lat' dir='ltr'><strong>signo</strong></span> <span class='ocrx_word' id='word_1_56' title='bbox 713 684 776 729; x_wconf 79' lang='lat' dir='ltr'><strong>nohis</strong></span> <span class='ocrx_word' id='word_1_57' title='bbox 790 689 853 729; x_wconf 77' lang='lat' dir='ltr'><strong>certo</strong></span> <span class='ocrx_word' id='word_1_58' title='bbox 864 684 1003 729; x_wconf 79' lang='lat' dir='ltr'><strong>adclarassis</strong></span> <span class='ocrx_word' id='word_1_59' title='bbox 1009 700 1018 736; x_wconf 86' lang='grc'><strong>,-</strong></span> <span class='ocrx_word' id='word_1_60' title='bbox 1034 690 1059 730; x_wconf 89' lang='lat' dir='ltr'><strong>et</strong></span> 
     </span>
     <span class='ocr_line' id='line_1_7' title="bbox 117 745 1059 810; baseline 0.006 -20"><span class='ocrx_word' id='word_1_61' title='bbox 117 758 214 805; x_wconf 84' lang='lat' dir='ltr'><strong>prorsus</strong></span> <span class='ocrx_word' id='word_1_62' title='bbox 231 753 257 790; x_wconf 89' lang='lat' dir='ltr'><strong>ut</strong></span> <span class='ocrx_word' id='word_1_63' title='bbox 268 745 292 790; x_wconf 88' lang='lat' dir='ltr'><strong>h.</strong></span> <span class='ocrx_word' id='word_1_64' title='bbox 304 745 319 790; x_wconf 90' lang='lat' dir='ltr'><strong>l.</strong></span> <span class='ocrx_word' id='word_1_65' title='bbox 333 746 395 804; x_wconf 78' lang='lat' dir='ltr'><strong>opud</strong></span> <span class='ocrx_word' id='word_1_66' title='bbox 412 746 491 792; x_wconf 89' lang='lat' dir='ltr'><strong>Senec.</strong></span> <span class='ocrx_word' id='word_1_67' title='bbox 510 745 603 802; x_wconf 83' lang='lat' dir='ltr'><strong>1.ud.l‚</strong></span> <span class='ocrx_word' id='word_1_68' title='bbox 620 761 756 808; x_wconf 74' lang='lat' dir='ltr'><strong>quaesoque</strong></span> <span class='ocrx_word' id='word_1_69' title='bbox 772 749 858 803; x_wconf 80' lang='lat' dir='ltr'><strong>audivi,</strong></span> <span class='ocrx_word' id='word_1_70' title='bbox 873 754 936 794; x_wconf 81' lang='lat' dir='ltr'><strong>certo</strong></span> <span class='ocrx_word' id='word_1_71' title='bbox 951 749 1059 810; x_wconf 80' lang='lat' dir='ltr'><strong>oloropss</strong></span> 
     </span>
     <span class='ocr_line' id='line_1_8' title="bbox 117 805 1060 872; baseline 0.004 -17"><span class='ocrx_word' id='word_1_72' title='bbox 117 809 197 869; x_wconf 79' lang='lat' dir='ltr'><strong>offero.</strong></span> <span class='ocrx_word' id='word_1_73' title='bbox 207 833 241 843; x_wconf 94' lang='lat'><em>-</em></span> <span class='ocrx_word' id='word_1_74' title='bbox 253 805 422 871; x_wconf 79' lang='lat' dir='ltr'><strong>[Lootondom]</strong></span> <span class='ocrx_word' id='word_1_75' title='bbox 435 811 539 856; x_wconf 86' lang='lat' dir='ltr'><strong>‘summo</strong></span> <span class='ocrx_word' id='word_1_76' title='bbox 549 812 628 857; x_wconf 84' lang='lat' dir='ltr'><strong>labore</strong></span> <span class='ocrx_word' id='word_1_77' title='bbox 638 811 809 871; x_wconf 71' lang='lat' dir='ltr'><strong>penetrandum</strong></span> <span class='ocrx_word' id='word_1_78' title='bbox 819 821 853 858; x_wconf 83' lang='lat' dir='ltr'><strong>est</strong></span> <span class='ocrx_word' id='word_1_79' title='bbox 863 827 905 872; x_wconf 86' lang='lat' dir='ltr'><strong>per</strong></span> <span class='ocrx_word' id='word_1_80' title='bbox 917 815 1015 869; x_wconf 79' lang='lat' dir='ltr'><strong>turbem,</strong></span> <span class='ocrx_word' id='word_1_81' title='bbox 1026 814 1060 860; x_wconf 85' lang='lat' dir='ltr'><strong>its</strong></span> 
     </span>
     <span class='ocr_line' id='line_1_9' title="bbox 118 874 1059 939; baseline 0.005 -19"><span class='ocrx_word' id='word_1_82' title='bbox 118 884 146 920; x_wconf 86' lang='lat' dir='ltr'><strong>ut</strong></span> <span class='ocrx_word' id='word_1_83' title='bbox 155 874 181 920; x_wconf 91' lang='lat' dir='ltr'><strong>in</strong></span> <span class='ocrx_word' id='word_1_84' title='bbox 192 874 306 920; x_wconf 71' lang='lat' dir='ltr'>tardiores</span> <span class='ocrx_word' id='word_1_85' title='bbox 317 874 444 934; x_wconf 60' lang='lat' dir='ltr'><strong>impinkom</strong></span> <span class='ocrx_word' id='word_1_86' title='bbox 456 889 541 934; x_wconf 83' lang='lat' dir='ltr'><strong>eosque</strong></span> <span class='ocrx_word' id='word_1_87' title='bbox 551 876 651 936; x_wconf 79' lang='lat' dir='ltr'><strong>pulsem,</strong></span> <span class='ocrx_word' id='word_1_88' title='bbox 661 883 731 936; x_wconf 76' lang='lat' dir='ltr'><strong>etque</strong></span> <span class='ocrx_word' id='word_1_89' title='bbox 747 877 806 922; x_wconf 85' lang='lat' dir='ltr'><strong>sdeo</strong></span> <span class='ocrx_word' id='word_1_90' title='bbox 820 878 862 923; x_wconf 89' lang='lat' dir='ltr'><strong>etsi</strong></span> <span class='ocrx_word' id='word_1_91' title='bbox 874 877 961 923; x_wconf 84' lang='lat' dir='ltr'><strong>invitus</strong></span> <span class='ocrx_word' id='word_1_92' title='bbox 972 877 1059 939; x_wconf 71' lang='lat' dir='ltr'><strong>injurii</strong></span> 
     </span>
     <span class='ocr_line' id='line_1_10' title="bbox 117 938 1057 985; baseline 0 0"><span class='ocrx_word' id='word_1_93' title='bbox 117 953 159 985; x_wconf 88' lang='lat' dir='ltr'><strong>eos</strong></span> <span class='ocrx_word' id='word_1_94' title='bbox 170 938 286 985; x_wconf 66' lang='lat' dir='ltr'><strong>efficium)</strong></span> <span class='ocrx_word' id='word_1_95' title='bbox 1053 955 1057 960; x_wconf 85' lang='lat'><em>·</em></span> 
     </span>
    </p>

    <p class='ocr_par' dir='ltr' id='par_1_3' title="bbox 117 999 1060 1438">
     <span class='ocr_line' id='line_1_11' title="bbox 152 999 1059 1065; baseline 0.002 -14"><span class='ocrx_word' id='word_1_96' title='bbox 152 1003 257 1051; x_wconf 78' lang='grc'>29-31.</span> <span class='ocrx_word' id='word_1_97' title='bbox 274 999 353 1064; x_wconf 77' lang='lat' dir='ltr'><strong>[Quiri</strong></span> <span class='ocrx_word' id='word_1_98' title='bbox 366 1005 407 1058; x_wconf 81' lang='lat' dir='ltr'><strong>oio,</strong></span> <span class='ocrx_word' id='word_1_99' title='bbox 423 1000 514 1064; x_wconf 67' lang='lat' dir='ltr'><strong>insono]</strong></span> <span class='ocrx_word' id='word_1_100' title='bbox 527 1005 570 1050; x_wconf 82' lang='lat' dir='ltr'><strong>Vs.</strong></span> <span class='ocrx_word' id='word_1_101' title='bbox 586 1005 636 1051; x_wconf 77' lang='lat' dir='ltr'><strong>hoec</strong></span> <span class='ocrx_word' id='word_1_102' title='bbox 649 1005 715 1065; x_wconf 81' lang='lat' dir='ltr'><strong>qussi</strong></span> <span class='ocrx_word' id='word_1_103' title='bbox 730 1005 756 1051; x_wconf 91' lang='lat' dir='ltr'><strong>io</strong></span> <span class='ocrx_word' id='word_1_104' title='bbox 772 1004 895 1051; x_wconf 75' lang='lat' dir='ltr'><strong>formulam</strong></span> <span class='ocrx_word' id='word_1_105' title='bbox 913 1007 1059 1054; x_wconf 74' lang='lat' dir='ltr'><strong>trinsiersnt.</strong></span> 
     </span>
     <span class='ocr_line' id='line_1_12' title="bbox 119 1067 1059 1130; baseline 0.004 -15"><span class='ocrx_word' id='word_1_106' title='bbox 119 1068 169 1116; x_wconf 80' lang='lat' dir='ltr'><strong>cic.</strong></span> <span class='ocrx_word' id='word_1_107' title='bbox 182 1068 211 1114; x_wconf 86' lang='lat' dir='ltr'><strong>de</strong></span> <span class='ocrx_word' id='word_1_108' title='bbox 223 1069 265 1115; x_wconf 90' lang='lat' dir='ltr'><strong>Or.</strong></span> <span class='ocrx_word' id='word_1_109' title='bbox 276 1069 299 1122; x_wconf 80' lang='lat'><strong>2,</strong></span> <span class='ocrx_word' id='word_1_110' title='bbox 310 1067 349 1122; x_wconf 87' lang='grc'><strong>67,</strong></span> <span class='ocrx_word' id='word_1_111' title='bbox 364 1069 425 1119; x_wconf 75' lang='lat' dir='ltr'><strong>Quid</strong></span> <span class='ocrx_word' id='word_1_112' title='bbox 438 1069 481 1116; x_wconf 83' lang='lat' dir='ltr'><strong>tibi</strong></span> <span class='ocrx_word' id='word_1_113' title='bbox 491 1072 532 1125; x_wconf 88' lang='lat' dir='ltr'><strong>ois,</strong></span> <span class='ocrx_word' id='word_1_114' title='bbox 543 1071 643 1116; x_wconf 80' lang='lat' dir='ltr'><strong>insane?</strong></span> <span class='ocrx_word' id='word_1_115' title='bbox 658 1069 762 1130; x_wconf 86' lang='lat' dir='ltr'><strong>itemque</strong></span> <span class='ocrx_word' id='word_1_116' title='bbox 776 1071 838 1130; x_wconf 81' lang='lat' dir='ltr'><strong>opud</strong></span> <span class='ocrx_word' id='word_1_117' title='bbox 852 1070 956 1129; x_wconf 86' lang='lat' dir='ltr'><strong>Propert.</strong></span> <span class='ocrx_word' id='word_1_118' title='bbox 969 1071 990 1128; x_wconf 95' lang='lat' dir='ltr'><strong>l,</strong></span> <span class='ocrx_word' id='word_1_119' title='bbox 1000 1073 1024 1126; x_wconf 86' lang='lat' dir='ltr'><strong>ii,</strong></span> <span class='ocrx_word' id='word_1_120' title='bbox 1035 1071 1059 1118; x_wconf 87' lang='grc'><strong>3.</strong></span> 
     </span>
     <span class='ocr_line' id='line_1_13' title="bbox 117 1129 1059 1194; baseline 0.006 -16"><span class='ocrx_word' id='word_1_121' title='bbox 117 1155 152 1168; x_wconf 89' lang='grc'><strong>-</strong></span> <span class='ocrx_word' id='word_1_122' title='bbox 164 1130 291 1194; x_wconf 73' lang='lat' dir='ltr'><strong>[improbus</strong></span> <span class='ocrx_word' id='word_1_123' title='bbox 302 1129 381 1194; x_wconf 77' lang='lat' dir='ltr'><strong>urget]</strong></span> <span class='ocrx_word' id='word_1_124' title='bbox 392 1142 442 1179; x_wconf 80' lang='lat' dir='ltr'><strong>ests</strong></span> <span class='ocrx_word' id='word_1_125' title='bbox 459 1133 524 1180; x_wconf 88' lang='lat' dir='ltr'><strong>‘sine</strong></span> <span class='ocrx_word' id='word_1_126' title='bbox 534 1135 582 1180; x_wconf 92' lang='lat' dir='ltr'><strong>ullo</strong></span> <span class='ocrx_word' id='word_1_127' title='bbox 592 1135 682 1194; x_wconf 88' lang='lat' dir='ltr'><strong>pudore</strong></span> <span class='ocrx_word' id='word_1_128' title='bbox 694 1151 721 1182; x_wconf 86' lang='lat' dir='ltr'><strong>sc</strong></span> <span class='ocrx_word' id='word_1_129' title='bbox 736 1136 806 1181; x_wconf 87' lang='lat' dir='ltr'><strong>modo</strong></span> <span class='ocrx_word' id='word_1_130' title='bbox 817 1149 854 1180; x_wconf 88' lang='lat' dir='ltr'><strong>me</strong></span> <span class='ocrx_word' id='word_1_131' title='bbox 865 1135 991 1181; x_wconf 86' lang='lat' dir='ltr'><strong>inoeetstur</strong></span> <span class='ocrx_word' id='word_1_132' title='bbox 1002 1136 1059 1184; x_wconf 85' lang='lat' dir='ltr'><strong>diris</strong></span> 
     </span>
     <span class='ocr_line' id='line_1_14' title="bbox 118 1195 1059 1260; baseline 0.003 -17"><span class='ocrx_word' id='word_1_133' title='bbox 118 1197 383 1258; x_wconf 79' lang='lat' dir='ltr'><strong>imprecationibus.’-</strong></span> <span class='ocrx_word' id='word_1_134' title='bbox 395 1195 433 1259; x_wconf 83' lang='lat' dir='ltr'><strong>[to</strong></span> <span class='ocrx_word' id='word_1_135' title='bbox 449 1195 537 1259; x_wconf 80' lang='lat' dir='ltr'><strong>pulses]</strong></span> <span class='ocrx_word' id='word_1_136' title='bbox 556 1200 702 1256; x_wconf 66' lang='lat' dir='ltr'><strong>‘Quomodo</strong></span> <span class='ocrx_word' id='word_1_137' title='bbox 719 1200 807 1245; x_wconf 82' lang='lat' dir='ltr'><strong>molum</strong></span> <span class='ocrx_word' id='word_1_138' title='bbox 827 1196 915 1258; x_wconf 87' lang='lat' dir='ltr'><strong>(inquit</strong></span> <span class='ocrx_word' id='word_1_139' title='bbox 934 1199 1059 1260; x_wconf 80' lang='lat' dir='ltr'><strong>pulsatus),</strong></span> 
     </span>
     <span class='ocr_line' id='line_1_15' title="bbox 119 1262 1060 1324; baseline 0.002 -16"><span class='ocrx_word' id='word_1_140' title='bbox 119 1264 194 1308; x_wconf 77' lang='lat' dir='ltr'><strong>sudes</strong></span> <span class='ocrx_word' id='word_1_141' title='bbox 205 1262 335 1323; x_wconf 75' lang='lat' dir='ltr'>impingere</span> <span class='ocrx_word' id='word_1_142' title='bbox 347 1262 370 1308; x_wconf 95' lang='lat' dir='ltr'><strong>in</strong></span> <span class='ocrx_word' id='word_1_143' title='bbox 381 1264 510 1323; x_wconf 76' lang='lat' dir='ltr'><strong>omnesqui</strong></span> <span class='ocrx_word' id='word_1_144' title='bbox 523 1264 565 1310; x_wconf 90' lang='lat' dir='ltr'><strong>tibi</strong></span> <span class='ocrx_word' id='word_1_145' title='bbox 576 1266 677 1321; x_wconf 76' lang='lat' dir='ltr'><strong>obstent,</strong></span> <span class='ocrx_word' id='word_1_146' title='bbox 685 1279 771 1324; x_wconf 86' lang='lat' dir='ltr'><strong>eosque</strong></span> <span class='ocrx_word' id='word_1_147' title='bbox 779 1266 808 1310; x_wconf 85' lang='lat' dir='ltr'><strong>de</strong></span> <span class='ocrx_word' id='word_1_148' title='bbox 815 1263 853 1310; x_wconf 78' lang='lat' dir='ltr'><strong>vii</strong></span> <span class='ocrx_word' id='word_1_149' title='bbox 861 1265 984 1310; x_wconf 73' lang='lat' dir='ltr'><strong>deturbare</strong></span> <span class='ocrx_word' id='word_1_150' title='bbox 992 1265 1002 1310; x_wconf 84' lang='lat' dir='ltr'><strong>i</strong></span> <span class='ocrx_word' id='word_1_151' title='bbox 1010 1265 1017 1287; x_wconf 86' lang='lat'>’</span> <span class='ocrx_word' id='word_1_152' title='bbox 1026 1288 1060 1300; x_wconf 94' lang='lat'><strong>—</strong></span> 
     </span>
     <span class='ocr_line' id='line_1_16' title="bbox 120 1323 1059 1390; baseline 0.002 -16"><span class='ocrx_word' id='word_1_153' title='bbox 120 1323 153 1390; x_wconf 86' lang='lat' dir='ltr'><strong>[si</strong></span> <span class='ocrx_word' id='word_1_154' title='bbox 169 1324 287 1388; x_wconf 77' lang='lat' dir='ltr'><strong>recurras]</strong></span> <span class='ocrx_word' id='word_1_155' title='bbox 298 1330 305 1352; x_wconf 84' lang='lat'>⁴</span> <span class='ocrx_word' id='word_1_156' title='bbox 315 1327 355 1373; x_wconf 88' lang='lat' dir='ltr'><strong>ubi</strong></span> <span class='ocrx_word' id='word_1_157' title='bbox 372 1342 401 1374; x_wconf 87' lang='lat' dir='ltr'><strong>ex</strong></span> <span class='ocrx_word' id='word_1_158' title='bbox 418 1328 478 1374; x_wconf 79' lang='lat' dir='ltr'><strong>Foro</strong></span> <span class='ocrx_word' id='word_1_159' title='bbox 495 1329 525 1374; x_wconf 82' lang='lat' dir='ltr'><strong>sd</strong></span> <span class='ocrx_word' id='word_1_160' title='bbox 540 1329 701 1386; x_wconf 71' lang='lat' dir='ltr'><strong>Mecenstem,</strong></span> <span class='ocrx_word' id='word_1_161' title='bbox 714 1328 781 1389; x_wconf 83' lang='lat' dir='ltr'><strong>qussi</strong></span> <span class='ocrx_word' id='word_1_162' title='bbox 795 1329 859 1389; x_wconf 78' lang='lat' dir='ltr'><strong>opud</strong></span> <span class='ocrx_word' id='word_1_163' title='bbox 869 1343 923 1375; x_wconf 89' lang='lat' dir='ltr'><strong>eum</strong></span> <span class='ocrx_word' id='word_1_164' title='bbox 935 1329 1059 1387; x_wconf 77' lang='lat' dir='ltr'><strong>habitores,</strong></span> 
     </span>
     <span class='ocr_line' id='line_1_17' title="bbox 118 1391 365 1438; baseline -0.004 0"><span class='ocrx_word' id='word_1_165' title='bbox 118 1391 259 1438; x_wconf 69' lang='lat' dir='ltr'><strong>festinanter</strong></span> <span class='ocrx_word' id='word_1_166' title='bbox 268 1392 365 1438; x_wconf 63' lang='lat' dir='ltr'><strong>redens?</strong></span> 
     </span>
    </p>

    <p class='ocr_par' dir='ltr' id='par_1_4' title="bbox 53 1453 1063 2618">
     <span class='ocr_line' id='line_1_18' title="bbox 153 1453 1059 1520; baseline 0.003 -18"><span class='ocrx_word' id='word_1_167' title='bbox 153 1455 258 1503; x_wconf 78' lang='grc'>32-36.</span> <span class='ocrx_word' id='word_1_168' title='bbox 276 1453 338 1518; x_wconf 77' lang='lat' dir='ltr'><strong>[Hor</strong></span> <span class='ocrx_word' id='word_1_169' title='bbox 347 1453 429 1519; x_wconf 79' lang='lat' dir='ltr'><strong>justat]</strong></span> <span class='ocrx_word' id='word_1_170' title='bbox 443 1457 519 1517; x_wconf 71' lang='lat' dir='ltr'><strong>‘sepe</strong></span> <span class='ocrx_word' id='word_1_171' title='bbox 535 1456 637 1504; x_wconf 83' lang='lat' dir='ltr'><strong>invisere</strong></span> <span class='ocrx_word' id='word_1_172' title='bbox 654 1457 822 1504; x_wconf 58' lang='lat' dir='ltr'><strong>Mecenstemss</strong></span> <span class='ocrx_word' id='word_1_173' title='bbox 833 1481 866 1492; x_wconf 92' lang='lat'>-</span> <span class='ocrx_word' id='word_1_174' title='bbox 878 1454 933 1519; x_wconf 82' lang='lat' dir='ltr'><strong>[noo</strong></span> <span class='ocrx_word' id='word_1_175' title='bbox 948 1455 1059 1520; x_wconf 75' lang='lat' dir='ltr'><strong>mentior]</strong></span> 
     </span>
     <span class='ocr_line' id='line_1_19' title="bbox 121 1521 1061 1582; baseline 0.004 -16"><span class='ocrx_word' id='word_1_176' title='bbox 121 1521 210 1568; x_wconf 80' lang='lat' dir='ltr'><strong>‘libere</strong></span> <span class='ocrx_word' id='word_1_177' title='bbox 229 1521 332 1568; x_wconf 73' lang='lat' dir='ltr'><strong>fatebor.¹</strong></span> <span class='ocrx_word' id='word_1_178' title='bbox 368 1523 412 1568; x_wconf 81' lang='lat' dir='ltr'><strong>Est</strong></span> <span class='ocrx_word' id='word_1_179' title='bbox 430 1521 542 1568; x_wconf 88' lang='lat' dir='ltr'><strong>sermonis</strong></span> <span class='ocrx_word' id='word_1_180' title='bbox 559 1521 696 1582; x_wconf 72' lang='lat' dir='ltr'><strong>quotidiani.</strong></span> <span class='ocrx_word' id='word_1_181' title='bbox 730 1523 778 1569; x_wconf 81' lang='lat' dir='ltr'><strong>Cic.</strong></span> <span class='ocrx_word' id='word_1_182' title='bbox 794 1523 825 1568; x_wconf 82' lang='lat' dir='ltr'><strong>sd</strong></span> <span class='ocrx_word' id='word_1_183' title='bbox 839 1523 904 1569; x_wconf 82' lang='lat' dir='ltr'><strong>Pom.</strong></span> <span class='ocrx_word' id='word_1_184' title='bbox 919 1524 943 1576; x_wconf 88' lang='grc'><strong>3,</strong></span> <span class='ocrx_word' id='word_1_185' title='bbox 958 1522 981 1578; x_wconf 79' lang='grc'><strong>4,</strong></span> <span class='ocrx_word' id='word_1_186' title='bbox 994 1524 1061 1573; x_wconf 73' lang='lat' dir='ltr'><strong>Quod</strong></span> 
     </span>
     <span class='ocr_line' id='line_1_20' title="bbox 119 1583 1061 1649; baseline 0.002 -16"><span class='ocrx_word' id='word_1_187' title='bbox 119 1587 263 1633; x_wconf 76' lang='lat' dir='ltr'><strong>serihs&#39;o-s&#39;d</strong></span> <span class='ocrx_word' id='word_1_188' title='bbox 282 1588 345 1642; x_wconf 83' lang='lat' dir='ltr'><strong>milri,</strong></span> <span class='ocrx_word' id='word_1_189' title='bbox 362 1602 390 1633; x_wconf 84' lang='lat' dir='ltr'><strong>oe</strong></span> <span class='ocrx_word' id='word_1_190' title='bbox 407 1589 511 1642; x_wconf 80' lang='lat' dir='ltr'><strong>mentior,</strong></span> <span class='ocrx_word' id='word_1_191' title='bbox 526 1595 620 1648; x_wconf 73' lang='lat' dir='ltr'><strong>protom</strong></span> <span class='ocrx_word' id='word_1_192' title='bbox 635 1594 676 1634; x_wconf 81' lang='lat' dir='ltr'><strong>est.</strong></span> <span class='ocrx_word' id='word_1_193' title='bbox 688 1583 819 1649; x_wconf 85' lang='lat' dir='ltr'><strong>·-[otros]</strong></span> <span class='ocrx_word' id='word_1_194' title='bbox 838 1587 893 1646; x_wconf 80' lang='lat' dir='ltr'><strong>quis</strong></span> <span class='ocrx_word' id='word_1_195' title='bbox 911 1589 966 1633; x_wconf 93' lang='lat' dir='ltr'><strong>olim</strong></span> <span class='ocrx_word' id='word_1_196' title='bbox 984 1587 1061 1635; x_wconf 73' lang='lat' dir='ltr'><strong>iuerat</strong></span> 
     </span>
     <span class='ocr_line' id='line_1_21' title="bbox 119 1650 1062 1711; baseline 0.003 -15"><span class='ocrx_word' id='word_1_197' title='bbox 119 1651 196 1711; x_wconf 84' lang='lat' dir='ltr'><strong>plebis</strong></span> <span class='ocrx_word' id='word_1_198' title='bbox 207 1650 294 1696; x_wconf 68' lang='lat' dir='ltr'><strong>intime</strong></span> <span class='ocrx_word' id='word_1_199' title='bbox 306 1652 475 1711; x_wconf 67' lang='lat' dir='ltr'><strong>sepulcrorum:</strong></span> <span class='ocrx_word' id='word_1_200' title='bbox 490 1659 545 1698; x_wconf 81' lang='lat' dir='ltr'><strong>tuno</strong></span> <span class='ocrx_word' id='word_1_201' title='bbox 556 1666 611 1698; x_wconf 86' lang='lat' dir='ltr'><strong>vero</strong></span> <span class='ocrx_word' id='word_1_202' title='bbox 624 1653 694 1698; x_wconf 91' lang='lat' dir='ltr'><strong>turris</strong></span> <span class='ocrx_word' id='word_1_203' title='bbox 703 1652 871 1698; x_wconf 72' lang='lat' dir='ltr'><strong>Mrecenetisno</strong></span> <span class='ocrx_word' id='word_1_204' title='bbox 883 1667 935 1698; x_wconf 81' lang='lat' dir='ltr'><strong>curn</strong></span> <span class='ocrx_word' id='word_1_205' title='bbox 951 1653 1017 1699; x_wconf 91' lang='lat' dir='ltr'><strong>horto</strong></span> <span class='ocrx_word' id='word_1_206' title='bbox 1028 1653 1062 1710; x_wconf 82' lang='lat' dir='ltr'><strong>ibi</strong></span> 
     </span>
     <span class='ocr_line' id='line_1_22' title="bbox 120 1715 1061 1775; baseline 0.003 -14"><span class='ocrx_word' id='word_1_207' title='bbox 120 1723 242 1762; x_wconf 82' lang='lat' dir='ltr'><strong>exstruets</strong></span> <span class='ocrx_word' id='word_1_208' title='bbox 258 1723 315 1762; x_wconf 81' lang='lat' dir='ltr'><strong>emt.</strong></span> <span class='ocrx_word' id='word_1_209' title='bbox 349 1717 396 1762; x_wconf 79' lang='lat' dir='ltr'><strong>Set.</strong></span> <span class='ocrx_word' id='word_1_210' title='bbox 409 1716 430 1771; x_wconf 89' lang='lat' dir='ltr'><strong>l,</strong></span> <span class='ocrx_word' id='word_1_211' title='bbox 441 1717 465 1773; x_wconf 87' lang='grc'><strong>3,</strong></span> <span class='ocrx_word' id='word_1_212' title='bbox 478 1715 515 1762; x_wconf 81' lang='lat' dir='ltr'><strong>lt.</strong></span> <span class='ocrx_word' id='word_1_213' title='bbox 526 1741 559 1750; x_wconf 91' lang='lat'>-</span> <span class='ocrx_word' id='word_1_214' title='bbox 571 1717 684 1775; x_wconf 71' lang='lat' dir='ltr'><strong>[ermon]</strong></span> <span class='ocrx_word' id='word_1_215' title='bbox 706 1719 831 1763; x_wconf 75' lang='lat' dir='ltr'><strong>‘sescento</strong></span> <span class='ocrx_word' id='word_1_216' title='bbox 843 1717 936 1775; x_wconf 80' lang='lat' dir='ltr'><strong>negotis</strong></span> <span class='ocrx_word' id='word_1_217' title='bbox 950 1719 980 1763; x_wconf 80' lang='lat' dir='ltr'><strong>sb</strong></span> <span class='ocrx_word' id='word_1_218' title='bbox 997 1718 1061 1764; x_wconf 88' lang='lat' dir='ltr'><strong>omni</strong></span> 
     </span>
     <span class='ocr_line' id='line_1_23' title="bbox 120 1779 1061 1845; baseline 0.004 -19"><span class='ocrx_word' id='word_1_219' title='bbox 120 1789 189 1840; x_wconf 78' lang='lat' dir='ltr'><strong>perte</strong></span> <span class='ocrx_word' id='word_1_220' title='bbox 207 1795 246 1826; x_wconf 83' lang='lat' dir='ltr'><strong>nre</strong></span> <span class='ocrx_word' id='word_1_221' title='bbox 264 1788 350 1826; x_wconf 78' lang='lat' dir='ltr'><strong>vexant</strong></span> <span class='ocrx_word' id='word_1_222' title='bbox 367 1791 391 1827; x_wconf 89' lang='lat' dir='ltr'><strong>et</strong></span> <span class='ocrx_word' id='word_1_223' title='bbox 407 1780 473 1840; x_wconf 79' lang='lat' dir='ltr'><strong>quusi</strong></span> <span class='ocrx_word' id='word_1_224' title='bbox 488 1781 674 1828; x_wconf 67' lang='lat' dir='ltr'><strong>circumvallant!</strong></span> <span class='ocrx_word' id='word_1_225' title='bbox 702 1779 768 1841; x_wconf 77' lang='lat' dir='ltr'><strong>(Ter.</strong></span> <span class='ocrx_word' id='word_1_226' title='bbox 785 1782 829 1828; x_wconf 76' lang='lat' dir='ltr'><strong>Ar.</strong></span> <span class='ocrx_word' id='word_1_227' title='bbox 845 1783 869 1836; x_wconf 91' lang='grc'><strong>3,</strong></span> <span class='ocrx_word' id='word_1_228' title='bbox 885 1783 910 1836; x_wconf 77' lang='lat'><strong>2.</strong></span> <span class='ocrx_word' id='word_1_229' title='bbox 926 1781 1002 1841; x_wconf 66' lang='lat' dir='ltr'><strong>il·</strong></span> <span class='ocrx_word' id='word_1_230' title='bbox 1012 1780 1061 1845; x_wconf 86' lang='lat' dir='ltr'><strong>[se-</strong></span> 
     </span>
     <span class='ocr_line' id='line_1_24' title="bbox 53 1843 1062 1907; baseline 0.001 -15"><span class='ocrx_word' id='word_1_231' title='bbox 53 1883 56 1892; x_wconf 91' lang='lat'><strong>.</strong></span> <span class='ocrx_word' id='word_1_232' title='bbox 121 1843 233 1902; x_wconf 81' lang='lat' dir='ltr'><strong>ossdoos]</strong></span> <span class='ocrx_word' id='word_1_233' title='bbox 244 1845 311 1891; x_wconf 86' lang='lat' dir='ltr'><strong>nobis</strong></span> <span class='ocrx_word' id='word_1_234' title='bbox 322 1859 352 1891; x_wconf 81' lang='lat' dir='ltr'><strong>ex</strong></span> <span class='ocrx_word' id='word_1_235' title='bbox 364 1845 432 1891; x_wconf 77' lang='lat' dir='ltr'><strong>variis</strong></span> <span class='ocrx_word' id='word_1_236' title='bbox 443 1845 499 1892; x_wconf 80' lang='lat' dir='ltr'><strong>anni</strong></span> <span class='ocrx_word' id='word_1_237' title='bbox 509 1847 651 1905; x_wconf 87' lang='lat' dir='ltr'><strong>temporibus</strong></span> <span class='ocrx_word' id='word_1_238' title='bbox 662 1847 698 1892; x_wconf 87' lang='lat' dir='ltr'><strong>sel</strong></span> <span class='ocrx_word' id='word_1_239' title='bbox 714 1848 783 1892; x_wconf 74' lang='lat' dir='ltr'><strong>sexti</strong></span> <span class='ocrx_word' id='word_1_240' title='bbox 793 1847 830 1893; x_wconf 81' lang='lat' dir='ltr'><strong>sel</strong></span> <span class='ocrx_word' id='word_1_241' title='bbox 844 1847 951 1907; x_wconf 82' lang='lat' dir='ltr'><strong>septimis,</strong></span> <span class='ocrx_word' id='word_1_242' title='bbox 964 1847 1062 1894; x_wconf 85' lang='lat' dir='ltr'><strong>llorstis</strong></span> 
     </span>
     <span class='ocr_line' id='line_1_25' title="bbox 122 1908 1061 1971; baseline 0.003 -16"><span class='ocrx_word' id='word_1_243' title='bbox 122 1909 206 1969; x_wconf 91' lang='lat' dir='ltr'><strong>utique</strong></span> <span class='ocrx_word' id='word_1_244' title='bbox 216 1908 273 1956; x_wconf 80' lang='lat' dir='ltr'><strong>sotir</strong></span> <span class='ocrx_word' id='word_1_245' title='bbox 286 1911 445 1961; x_wconf 76' lang='lat' dir='ltr'><strong>incommodi:</strong></span> <span class='ocrx_word' id='word_1_246' title='bbox 464 1911 588 1969; x_wconf 78' lang='lat' dir='ltr'><strong>argentarii</strong></span> <span class='ocrx_word' id='word_1_247' title='bbox 600 1919 681 1957; x_wconf 77' lang='lat' dir='ltr'><strong>contro</strong></span> <span class='ocrx_word' id='word_1_248' title='bbox 696 1919 753 1957; x_wconf 87' lang='lat' dir='ltr'><strong>tuno</strong></span> <span class='ocrx_word' id='word_1_249' title='bbox 763 1911 862 1970; x_wconf 74' lang='lat' dir='ltr'><strong>negotiis</strong></span> <span class='ocrx_word' id='word_1_250' title='bbox 871 1926 953 1958; x_wconf 81' lang='lat' dir='ltr'><strong>vocure</strong></span> <span class='ocrx_word' id='word_1_251' title='bbox 964 1912 1061 1971; x_wconf 88' lang='lat' dir='ltr'><strong>incipie-</strong></span> 
     </span>
     <span class='ocr_line' id='line_1_26' title="bbox 121 1971 1060 2038; baseline 0.002 -18"><span class='ocrx_word' id='word_1_252' title='bbox 121 1976 186 2021; x_wconf 84' lang='lat' dir='ltr'><strong>bsnt.</strong></span> <span class='ocrx_word' id='word_1_253' title='bbox 216 1974 264 2021; x_wconf 78' lang='lat' dir='ltr'><strong>cto.</strong></span> <span class='ocrx_word' id='word_1_254' title='bbox 275 1989 317 2034; x_wconf 92' lang='lat' dir='ltr'><strong>pro</strong></span> <span class='ocrx_word' id='word_1_255' title='bbox 326 1975 424 2025; x_wconf 80' lang='lat' dir='ltr'><strong>Quintio</strong></span> <span class='ocrx_word' id='word_1_256' title='bbox 432 1975 456 2022; x_wconf 89' lang='grc'><strong>6.</strong></span> <span class='ocrx_word' id='word_1_257' title='bbox 465 1999 498 2010; x_wconf 93' lang='grc'><strong>-</strong></span> <span class='ocrx_word' id='word_1_258' title='bbox 508 1971 618 2038; x_wconf 75' lang='lat' dir='ltr'><strong>[lioroisu</strong></span> <span class='ocrx_word' id='word_1_259' title='bbox 627 1974 719 2038; x_wconf 79' lang='lat' dir='ltr'><strong>oroiot]</strong></span> <span class='ocrx_word' id='word_1_260' title='bbox 733 1978 809 2023; x_wconf 79' lang='lat' dir='ltr'><strong>Verbo</strong></span> <span class='ocrx_word' id='word_1_261' title='bbox 824 1986 879 2023; x_wconf 92' lang='lat' dir='ltr'><strong>sunt</strong></span> <span class='ocrx_word' id='word_1_262' title='bbox 895 1977 954 2023; x_wconf 83' lang='lat' dir='ltr'><strong>servi</strong></span> <span class='ocrx_word' id='word_1_263' title='bbox 967 1977 1060 2032; x_wconf 69' lang='lat' dir='ltr'><strong>noscit,</strong></span> 
     </span>
     <span class='ocr_line' id='line_1_27' title="bbox 122 2037 1060 2102; baseline 0.004 -18"><span class='ocrx_word' id='word_1_264' title='bbox 122 2037 286 2100; x_wconf 80' lang='lat' dir='ltr'><strong>imperfectum</strong></span> <span class='ocrx_word' id='word_1_265' title='bbox 297 2050 384 2095; x_wconf 82' lang='lat' dir='ltr'><strong>nutem,</strong></span> <span class='ocrx_word' id='word_1_266' title='bbox 394 2041 457 2099; x_wconf 88' lang='lat' dir='ltr'><strong>quod</strong></span> <span class='ocrx_word' id='word_1_267' title='bbox 467 2042 587 2100; x_wconf 73' lang='lat' dir='ltr'><strong>proesentis</strong></span> <span class='ocrx_word' id='word_1_268' title='bbox 596 2041 645 2087; x_wconf 83' lang='lat' dir='ltr'><strong>vire</strong></span> <span class='ocrx_word' id='word_1_269' title='bbox 653 2040 720 2101; x_wconf 79' lang='lat' dir='ltr'><strong>iungi</strong></span> <span class='ocrx_word' id='word_1_270' title='bbox 731 2041 903 2102; x_wconf 83' lang='lat' dir='ltr'><strong>dieunt,potiuo</strong></span> <span class='ocrx_word' id='word_1_271' title='bbox 913 2042 946 2087; x_wconf 84' lang='lat' dir='ltr'><strong>sic</strong></span> <span class='ocrx_word' id='word_1_272' title='bbox 955 2041 1060 2101; x_wconf 77' lang='lat' dir='ltr'><strong>explices</strong></span> 
     </span>
     <span class='ocr_line' id='line_1_28' title="bbox 122 2101 1061 2165; baseline 0.001 -15"><span class='ocrx_word' id='word_1_273' title='bbox 122 2105 219 2151; x_wconf 81' lang='lat' dir='ltr'><strong>‘orabat</strong></span> <span class='ocrx_word' id='word_1_274' title='bbox 229 2118 258 2150; x_wconf 90' lang='lat' dir='ltr'><strong>eo</strong></span> <span class='ocrx_word' id='word_1_275' title='bbox 269 2105 379 2164; x_wconf 85' lang='lat' dir='ltr'><strong>temporis</strong></span> <span class='ocrx_word' id='word_1_276' title='bbox 390 2113 483 2164; x_wconf 87' lang='lat' dir='ltr'><strong>puncto,</strong></span> <span class='ocrx_word' id='word_1_277' title='bbox 493 2120 539 2165; x_wconf 84' lang='lat' dir='ltr'><strong>quo</strong></span> <span class='ocrx_word' id='word_1_278' title='bbox 550 2120 587 2152; x_wconf 90' lang='lat' dir='ltr'><strong>me</strong></span> <span class='ocrx_word' id='word_1_279' title='bbox 598 2106 643 2152; x_wconf 85' lang='lat' dir='ltr'><strong>hoo</strong></span> <span class='ocrx_word' id='word_1_280' title='bbox 653 2105 695 2152; x_wconf 87' lang='lat' dir='ltr'><strong>tihi</strong></span> <span class='ocrx_word' id='word_1_281' title='bbox 704 2106 812 2153; x_wconf 79' lang='lat' dir='ltr'><strong>nuntiare</strong></span> <span class='ocrx_word' id='word_1_282' title='bbox 819 2106 943 2165; x_wconf 57' lang='grc' dir='ltr'><strong>766ιίῑέ-</strong></span> <span class='ocrx_word' id='word_1_283' title='bbox 951 2101 1061 2165; x_wconf 78' lang='lat' dir='ltr'><strong>[Puteal]</strong></span> 
     </span>
     <span class='ocr_line' id='line_1_29' title="bbox 123 2168 1061 2229; baseline 0.002 -15"><span class='ocrx_word' id='word_1_284' title='bbox 123 2168 219 2229; x_wconf 81' lang='lat' dir='ltr'><strong>Duplex</strong></span> <span class='ocrx_word' id='word_1_285' title='bbox 231 2176 282 2215; x_wconf 81' lang='lat' dir='ltr'><strong>erst</strong></span> <span class='ocrx_word' id='word_1_286' title='bbox 293 2170 376 2216; x_wconf 82' lang='lat' dir='ltr'><strong>Puteal</strong></span> <span class='ocrx_word' id='word_1_287' title='bbox 385 2170 410 2215; x_wconf 93' lang='lat' dir='ltr'><strong>in</strong></span> <span class='ocrx_word' id='word_1_288' title='bbox 423 2170 483 2216; x_wconf 73' lang='lat' dir='ltr'><strong>Foro</strong></span> <span class='ocrx_word' id='word_1_289' title='bbox 494 2171 607 2226; x_wconf 77' lang='lat' dir='ltr'><strong>Romano,</strong></span> <span class='ocrx_word' id='word_1_290' title='bbox 619 2172 718 2218; x_wconf 76' lang='lat' dir='ltr'><strong>alterum</strong></span> <span class='ocrx_word' id='word_1_291' title='bbox 727 2171 751 2216; x_wconf 92' lang='lat' dir='ltr'><strong>in</strong></span> <span class='ocrx_word' id='word_1_292' title='bbox 760 2171 869 2226; x_wconf 83' lang='lat' dir='ltr'><strong>Comitio,</strong></span> <span class='ocrx_word' id='word_1_293' title='bbox 878 2185 925 2229; x_wconf 89' lang='lat' dir='ltr'><strong>quo</strong></span> <span class='ocrx_word' id='word_1_294' title='bbox 934 2171 983 2216; x_wconf 80' lang='lat' dir='ltr'><strong>Atti</strong></span> <span class='ocrx_word' id='word_1_295' title='bbox 991 2169 1061 2216; x_wconf 75' lang='lat' dir='ltr'><strong>Nouii</strong></span> 
     </span>
     <span class='ocr_line' id='line_1_30' title="bbox 122 2233 1061 2296; baseline 0 -16"><span class='ocrx_word' id='word_1_296' title='bbox 122 2247 162 2280; x_wconf 89' lang='lat' dir='ltr'><strong>oos</strong></span> <span class='ocrx_word' id='word_1_297' title='bbox 179 2241 203 2280; x_wconf 92' lang='lat' dir='ltr'><strong>et</strong></span> <span class='ocrx_word' id='word_1_298' title='bbox 220 2235 333 2280; x_wconf 83' lang='lat' dir='ltr'><strong>nosnouls</strong></span> <span class='ocrx_word' id='word_1_299' title='bbox 349 2234 438 2281; x_wconf 79' lang='lat' dir='ltr'><strong>defosso</strong></span> <span class='ocrx_word' id='word_1_300' title='bbox 454 2243 503 2282; x_wconf 77' lang='lat' dir='ltr'><strong>erat</strong></span> <span class='ocrx_word' id='word_1_301' title='bbox 515 2234 575 2296; x_wconf 81' lang='lat' dir='ltr'><strong>(cte.</strong></span> <span class='ocrx_word' id='word_1_302' title='bbox 587 2237 616 2282; x_wconf 88' lang='lat' dir='ltr'><strong>de</strong></span> <span class='ocrx_word' id='word_1_303' title='bbox 628 2235 681 2282; x_wconf 82' lang='lat' dir='ltr'><strong>Dis.</strong></span> <span class='ocrx_word' id='word_1_304' title='bbox 697 2235 718 2290; x_wconf 94' lang='lat' dir='ltr'><strong>l,</strong></span> <span class='ocrx_word' id='word_1_305' title='bbox 732 2235 780 2294; x_wconf 83' lang='grc'><strong>17),</strong></span> <span class='ocrx_word' id='word_1_306' title='bbox 792 2236 898 2289; x_wconf 73' lang='lat' dir='ltr'><strong>alterum,</strong></span> <span class='ocrx_word' id='word_1_307' title='bbox 913 2236 943 2280; x_wconf 85' lang='lat' dir='ltr'><strong>de</strong></span> <span class='ocrx_word' id='word_1_308' title='bbox 959 2249 1007 2293; x_wconf 91' lang='lat' dir='ltr'><strong>quo</strong></span> <span class='ocrx_word' id='word_1_309' title='bbox 1022 2233 1061 2280; x_wconf 81' lang='lat' dir='ltr'><strong>hio</strong></span> 
     </span>
     <span class='ocr_line' id='line_1_31' title="bbox 121 2297 1060 2359; baseline 0.002 -15"><span class='ocrx_word' id='word_1_310' title='bbox 121 2299 235 2358; x_wconf 91' lang='lat' dir='ltr'><strong>loquitur,</strong></span> <span class='ocrx_word' id='word_1_311' title='bbox 252 2312 324 2358; x_wconf 90' lang='lat' dir='ltr'><strong>prope</strong></span> <span class='ocrx_word' id='word_1_312' title='bbox 340 2313 419 2345; x_wconf 76' lang='lat' dir='ltr'><strong>areum</strong></span> <span class='ocrx_word' id='word_1_313' title='bbox 436 2300 571 2356; x_wconf 74' lang='lat' dir='ltr'><strong>Fabianum,</strong></span> <span class='ocrx_word' id='word_1_314' title='bbox 583 2301 667 2347; x_wconf 81' lang='lat' dir='ltr'><strong>Puteal</strong></span> <span class='ocrx_word' id='word_1_315' title='bbox 676 2300 771 2346; x_wconf 76' lang='lat' dir='ltr'><strong>Libonis</strong></span> <span class='ocrx_word' id='word_1_316' title='bbox 782 2298 854 2359; x_wconf 84' lang='lat' dir='ltr'><strong>(Epp.</strong></span> <span class='ocrx_word' id='word_1_317' title='bbox 868 2297 888 2352; x_wconf 92' lang='lat' dir='ltr'><strong>l,</strong></span> <span class='ocrx_word' id='word_1_318' title='bbox 902 2298 938 2353; x_wconf 84' lang='lat'><strong>19,</strong></span> <span class='ocrx_word' id='word_1_319' title='bbox 950 2299 974 2344; x_wconf 87' lang='grc'><strong>6.</strong></span> <span class='ocrx_word' id='word_1_320' title='bbox 997 2298 1060 2346; x_wconf 82' lang='lat' dir='ltr'><strong>l’ers.</strong></span> 
     </span>
     <span class='ocr_line' id='line_1_32' title="bbox 122 2362 1060 2423; baseline 0.001 -14"><span class='ocrx_word' id='word_1_321' title='bbox 122 2363 146 2416; x_wconf 77' lang='grc'><strong>4,</strong></span> <span class='ocrx_word' id='word_1_322' title='bbox 166 2362 210 2421; x_wconf 73' lang='grc'><strong>49)</strong></span> <span class='ocrx_word' id='word_1_323' title='bbox 230 2363 332 2409; x_wconf 74' lang='lat' dir='ltr'><strong>Pmm.</strong></span> <span class='ocrx_word' id='word_1_324' title='bbox 349 2366 539 2410; x_wconf 65' lang='lat' dir='ltr'><strong>acrimoniarum</strong></span> <span class='ocrx_word' id='word_1_325' title='bbox 556 2365 580 2410; x_wconf 95' lang='lat' dir='ltr'><strong>in</strong></span> <span class='ocrx_word' id='word_1_326' title='bbox 599 2364 701 2411; x_wconf 74' lang='lat' dir='ltr'><strong>denariis</strong></span> <span class='ocrx_word' id='word_1_327' title='bbox 716 2364 792 2422; x_wconf 78' lang='lat' dir='ltr'><strong>gentis</strong></span> <span class='ocrx_word' id='word_1_328' title='bbox 809 2362 935 2409; x_wconf 81' lang='lat' dir='ltr'><strong>Scribonire</strong></span> <span class='ocrx_word' id='word_1_329' title='bbox 946 2363 1060 2423; x_wconf 70' lang='lat' dir='ltr'><strong>(uertet.</strong></span> 
     </span>
     <span class='ocr_line' id='line_1_33' title="bbox 123 2426 1061 2488; baseline 0 -14"><span class='ocrx_word' id='word_1_330' title='bbox 123 2429 154 2474; x_wconf 78' lang='lat'><strong>1).</strong></span> <span class='ocrx_word' id='word_1_331' title='bbox 165 2427 195 2474; x_wconf 87' lang='lat' dir='ltr'><strong>N.</strong></span> <span class='ocrx_word' id='word_1_332' title='bbox 207 2428 230 2480; x_wconf 77' lang='lat'><strong>5.</strong></span> <span class='ocrx_word' id='word_1_333' title='bbox 240 2443 262 2488; x_wconf 92' lang='lat' dir='ltr'><strong>p.</strong></span> <span class='ocrx_word' id='word_1_334' title='bbox 273 2426 341 2488; x_wconf 86' lang='grc'>301),</span> <span class='ocrx_word' id='word_1_335' title='bbox 353 2428 428 2475; x_wconf 77' lang='lat' dir='ltr'><strong>forma</strong></span> <span class='ocrx_word' id='word_1_336' title='bbox 438 2429 569 2476; x_wconf 85' lang='lat' dir='ltr'><strong>exhibetur.</strong></span> <span class='ocrx_word' id='word_1_337' title='bbox 592 2431 607 2455; x_wconf 80' lang='lat'><strong>‘⁴</strong></span> <span class='ocrx_word' id='word_1_338' title='bbox 617 2430 655 2475; x_wconf 80' lang='lat' dir='ltr'><strong>An</strong></span> <span class='ocrx_word' id='word_1_339' title='bbox 665 2443 719 2475; x_wconf 89' lang='lat' dir='ltr'><strong>eum</strong></span> <span class='ocrx_word' id='word_1_340' title='bbox 730 2429 806 2473; x_wconf 83' lang='lat' dir='ltr'><strong>locum</strong></span> <span class='ocrx_word' id='word_1_341' title='bbox 817 2429 984 2474; x_wconf 81' lang='lat' dir='ltr'><strong>conveniebant</strong></span> <span class='ocrx_word' id='word_1_342' title='bbox 995 2428 1061 2474; x_wconf 82' lang='lat' dir='ltr'><strong>iene-</strong></span> 
     </span>
     <span class='ocr_line' id='line_1_34' title="bbox 121 2490 1063 2555; baseline 0.003 -17"><span class='ocrx_word' id='word_1_343' title='bbox 121 2491 237 2538; x_wconf 75' lang='lat' dir='ltr'><strong>setores.”</strong></span> <span class='ocrx_word' id='word_1_344' title='bbox 252 2495 309 2540; x_wconf 81' lang='lat' dir='ltr'><strong>Aer.</strong></span> <span class='ocrx_word' id='word_1_345' title='bbox 317 2516 350 2526; x_wconf 93' lang='lat'><em>-</em></span> <span class='ocrx_word' id='word_1_346' title='bbox 361 2490 462 2555; x_wconf 77' lang='lat' dir='ltr'><strong>[adesse]</strong></span> <span class='ocrx_word' id='word_1_347' title='bbox 474 2508 521 2538; x_wconf 94' lang='lat' dir='ltr'><strong>non</strong></span> <span class='ocrx_word' id='word_1_348' title='bbox 531 2495 664 2541; x_wconf 81' lang='lat' dir='ltr'><strong>odoooatsos</strong></span> <span class='ocrx_word' id='word_1_349' title='bbox 674 2494 698 2539; x_wconf 90' lang='lat' dir='ltr'><strong>iu</strong></span> <span class='ocrx_word' id='word_1_350' title='bbox 706 2492 802 2554; x_wconf 69' lang='lat' dir='ltr'><strong>iudicio,</strong></span> <span class='ocrx_word' id='word_1_351' title='bbox 813 2493 854 2539; x_wconf 85' lang='lat' dir='ltr'><strong>sed</strong></span> <span class='ocrx_word' id='word_1_352' title='bbox 863 2509 989 2553; x_wconf 80' lang='lat' dir='ltr'><strong>sponsorem</strong></span> <span class='ocrx_word' id='word_1_353' title='bbox 999 2495 1063 2554; x_wconf 82' lang='lat' dir='ltr'><strong>opud</strong></span> 
     </span>
     <span class='ocr_line' id='line_1_35' title="bbox 122 2557 584 2618; baseline 0.006 -16"><span class='ocrx_word' id='word_1_354' title='bbox 122 2557 291 2616; x_wconf 71' lang='lat' dir='ltr'><strong>urgentsrium,</strong></span> <span class='ocrx_word' id='word_1_355' title='bbox 303 2566 329 2603; x_wconf 92' lang='lat' dir='ltr'><strong>ut</strong></span> <span class='ocrx_word' id='word_1_356' title='bbox 340 2559 389 2604; x_wconf 85' lang='lat' dir='ltr'><strong>Clo.</strong></span> <span class='ocrx_word' id='word_1_357' title='bbox 400 2573 442 2618; x_wconf 88' lang='lat' dir='ltr'><strong>pro</strong></span> <span class='ocrx_word' id='word_1_358' title='bbox 453 2558 550 2608; x_wconf 79' lang='lat' dir='ltr'><strong>Quintio</strong></span> <span class='ocrx_word' id='word_1_359' title='bbox 561 2558 584 2605; x_wconf 85' lang='lat'><strong>6.</strong></span> 
     </span>
    </p>

    <p class='ocr_par' dir='ltr' id='par_1_5' title="bbox 122 2621 1064 3327">
     <span class='ocr_line' id='line_1_36' title="bbox 157 2621 1064 2685; baseline 0.001 -17"><span class='ocrx_word' id='word_1_360' title='bbox 157 2621 197 2677; x_wconf 84' lang='grc'><strong>36,</strong></span> <span class='ocrx_word' id='word_1_361' title='bbox 210 2621 251 2676; x_wconf 87' lang='grc'><strong>37.</strong></span> <span class='ocrx_word' id='word_1_362' title='bbox 266 2622 315 2682; x_wconf 83' lang='lat' dir='ltr'><strong>[De</strong></span> <span class='ocrx_word' id='word_1_363' title='bbox 325 2623 362 2680; x_wconf 86' lang='lat' dir='ltr'><strong>re]</strong></span> <span class='ocrx_word' id='word_1_364' title='bbox 383 2624 442 2669; x_wconf 85' lang='lat' dir='ltr'><strong>Ecce</strong></span> <span class='ocrx_word' id='word_1_365' title='bbox 459 2623 535 2668; x_wconf 81' lang='lat' dir='ltr'><strong>Roscii</strong></span> <span class='ocrx_word' id='word_1_366' title='bbox 552 2637 626 2683; x_wconf 90' lang='lat' dir='ltr'><strong>puero</strong></span> <span class='ocrx_word' id='word_1_367' title='bbox 642 2622 776 2685; x_wconf 83' lang='lat' dir='ltr'><strong>supervenit</strong></span> <span class='ocrx_word' id='word_1_368' title='bbox 789 2622 850 2669; x_wconf 87' lang='lat' dir='ltr'><strong>illico</strong></span> <span class='ocrx_word' id='word_1_369' title='bbox 860 2621 987 2669; x_wconf 79' lang='lat' dir='ltr'><strong>scribarum</strong></span> <span class='ocrx_word' id='word_1_370' title='bbox 1002 2637 1064 2669; x_wconf 89' lang='lat' dir='ltr'><strong>nun·</strong></span> 
     </span>
     <span class='ocr_line' id='line_1_37' title="bbox 122 2686 1064 2748; baseline 0.002 -16"><span class='ocrx_word' id='word_1_371' title='bbox 122 2686 179 2732; x_wconf 86' lang='lat' dir='ltr'><strong>tius.</strong></span> <span class='ocrx_word' id='word_1_372' title='bbox 214 2687 308 2732; x_wconf 81' lang='lat' dir='ltr'><strong>Etenim</strong></span> <span class='ocrx_word' id='word_1_373' title='bbox 327 2695 379 2748; x_wconf 89' lang='lat' dir='ltr'><strong>post</strong></span> <span class='ocrx_word' id='word_1_374' title='bbox 395 2688 467 2734; x_wconf 86' lang='lat' dir='ltr'><strong>oriem</strong></span> <span class='ocrx_word' id='word_1_375' title='bbox 486 2688 659 2748; x_wconf 71' lang='lat' dir='ltr'><strong>Philippensem</strong></span> <span class='ocrx_word' id='word_1_376' title='bbox 679 2687 798 2744; x_wconf 74' lang='lat' dir='ltr'><strong>Horatius,</strong></span> <span class='ocrx_word' id='word_1_377' title='bbox 815 2701 862 2746; x_wconf 88' lang='lat' dir='ltr'><strong>quo</strong></span> <span class='ocrx_word' id='word_1_378' title='bbox 882 2703 906 2733; x_wconf 83' lang='lat' dir='ltr'><strong>se</strong></span> <span class='ocrx_word' id='word_1_379' title='bbox 924 2688 1064 2748; x_wconf 80' lang='lat' dir='ltr'><strong>patrimonio</strong></span> 
     </span>
     <span class='ocr_line' id='line_1_38' title="bbox 123 2751 1063 2813; baseline 0.003 -17"><span class='ocrx_word' id='word_1_380' title='bbox 123 2751 230 2797; x_wconf 75' lang='lat' dir='ltr'><strong>maximi</strong></span> <span class='ocrx_word' id='word_1_381' title='bbox 247 2765 277 2797; x_wconf 81' lang='lat' dir='ltr'><strong>ex</strong></span> <span class='ocrx_word' id='word_1_382' title='bbox 291 2763 356 2811; x_wconf 85' lang='lat' dir='ltr'><strong>porte</strong></span> <span class='ocrx_word' id='word_1_383' title='bbox 374 2753 497 2813; x_wconf 79' lang='lat' dir='ltr'><strong>spoliatum</strong></span> <span class='ocrx_word' id='word_1_384' title='bbox 513 2761 660 2808; x_wconf 76' lang='lat' dir='ltr'><strong>sustentaret,</strong></span> <span class='ocrx_word' id='word_1_385' title='bbox 678 2753 790 2813; x_wconf 81' lang='lat' dir='ltr'><strong>seriptum</strong></span> <span class='ocrx_word' id='word_1_386' title='bbox 803 2753 953 2812; x_wconf 70' lang='lat' dir='ltr'><strong>questorium</strong></span> <span class='ocrx_word' id='word_1_387' title='bbox 969 2767 1063 2813; x_wconf 84' lang='lat' dir='ltr'><strong>comps·</strong></span> 
     </span>
     <span class='ocr_line' id='line_1_39' title="bbox 124 2815 1063 2879; baseline 0.002 -17"><span class='ocrx_word' id='word_1_388' title='bbox 124 2825 201 2870; x_wconf 59' lang='lat' dir='ltr'><strong>rursm</strong></span> <span class='ocrx_word' id='word_1_389' title='bbox 218 2830 299 2862; x_wconf 86' lang='lat' dir='ltr'><strong>verum</strong></span> <span class='ocrx_word' id='word_1_390' title='bbox 315 2820 344 2863; x_wconf 81' lang='lat' dir='ltr'><strong>oh</strong></span> <span class='ocrx_word' id='word_1_391' title='bbox 364 2815 407 2863; x_wconf 89' lang='lat' dir='ltr'><strong>hoc</strong></span> <span class='ocrx_word' id='word_1_392' title='bbox 424 2817 567 2876; x_wconf 70' lang='lat' dir='ltr'><strong>quaesticulo,</strong></span> <span class='ocrx_word' id='word_1_393' title='bbox 586 2827 612 2863; x_wconf 90' lang='lat' dir='ltr'><strong>ut</strong></span> <span class='ocrx_word' id='word_1_394' title='bbox 631 2818 731 2873; x_wconf 86' lang='lat' dir='ltr'><strong>ridetur,</strong></span> <span class='ocrx_word' id='word_1_395' title='bbox 749 2816 840 2863; x_wconf 82' lang='lat' dir='ltr'><strong>circiter</strong></span> <span class='ocrx_word' id='word_1_396' title='bbox 857 2830 936 2865; x_wconf 64' lang='lat' dir='ltr'><strong>nnnc.</strong></span> <span class='ocrx_word' id='word_1_397' title='bbox 953 2817 1000 2872; x_wconf 87' lang='grc'><strong>717</strong></span> <span class='ocrx_word' id='word_1_398' title='bbox 1012 2822 1063 2879; x_wconf 80' lang='lat' dir='ltr'><strong>jem</strong></span> 
     </span>
     <span class='ocr_line' id='line_1_40' title="bbox 124 2881 1064 2943; baseline 0.003 -17"><span class='ocrx_word' id='word_1_399' title='bbox 124 2893 175 2926; x_wconf 90' lang='lat' dir='ltr'><strong>sese</strong></span> <span class='ocrx_word' id='word_1_400' title='bbox 187 2890 324 2927; x_wconf 76' lang='lat' dir='ltr'><strong>removeret.</strong></span> <span class='ocrx_word' id='word_1_401' title='bbox 358 2881 516 2928; x_wconf 73' lang='lat' dir='ltr'><strong>Nihilominus</strong></span> <span class='ocrx_word' id='word_1_402' title='bbox 532 2881 612 2928; x_wconf 77' lang='lat' dir='ltr'><strong>soriboe</strong></span> <span class='ocrx_word' id='word_1_403' title='bbox 624 2890 717 2943; x_wconf 76' lang='lat' dir='ltr'><strong>poetam</strong></span> <span class='ocrx_word' id='word_1_404' title='bbox 733 2882 827 2940; x_wconf 69' lang='lat' dir='ltr'><strong>college</strong></span> <span class='ocrx_word' id='word_1_405' title='bbox 843 2883 894 2927; x_wconf 83' lang='lat' dir='ltr'><strong>loco</strong></span> <span class='ocrx_word' id='word_1_406' title='bbox 909 2884 994 2929; x_wconf 77' lang='lat' dir='ltr'><strong>habere</strong></span> <span class='ocrx_word' id='word_1_407' title='bbox 1011 2897 1064 2942; x_wconf 89' lang='lat' dir='ltr'><strong>per·</strong></span> 
     </span>
     <span class='ocr_line' id='line_1_41' title="bbox 124 2945 1064 3006; baseline 0.001 -16"><span class='ocrx_word' id='word_1_408' title='bbox 124 2954 208 3004; x_wconf 73' lang='lat' dir='ltr'><strong>gentes</strong></span> <span class='ocrx_word' id='word_1_409' title='bbox 218 2959 273 2990; x_wconf 89' lang='lat' dir='ltr'><strong>eum</strong></span> <span class='ocrx_word' id='word_1_410' title='bbox 284 2945 401 2992; x_wconf 88' lang='lat' dir='ltr'><strong>interdum</strong></span> <span class='ocrx_word' id='word_1_411' title='bbox 417 2949 567 3001; x_wconf 76' lang='lat' dir='ltr'><strong>advocabant,</strong></span> <span class='ocrx_word' id='word_1_412' title='bbox 577 2946 618 2992; x_wconf 90' lang='lat' dir='ltr'><strong>ubi</strong></span> <span class='ocrx_word' id='word_1_413' title='bbox 628 2949 657 2992; x_wconf 90' lang='lat' dir='ltr'><strong>de</strong></span> <span class='ocrx_word' id='word_1_414' title='bbox 669 2948 737 2992; x_wconf 86' lang='lat' dir='ltr'><strong>rebus</strong></span> <span class='ocrx_word' id='word_1_415' title='bbox 748 2947 778 2992; x_wconf 82' lang='lat' dir='ltr'><strong>sd</strong></span> <span class='ocrx_word' id='word_1_416' title='bbox 788 2961 813 2992; x_wconf 92' lang='lat' dir='ltr'><strong>se</strong></span> <span class='ocrx_word' id='word_1_417' title='bbox 828 2947 998 3006; x_wconf 76' lang='lat' dir='ltr'><strong>pertinentibus</strong></span> <span class='ocrx_word' id='word_1_418' title='bbox 1008 2961 1064 2992; x_wconf 86' lang='lat' dir='ltr'><strong>eon·</strong></span> 
     </span>
     <span class='ocr_line' id='line_1_42' title="bbox 124 3010 1064 3070; baseline 0 -15"><span class='ocrx_word' id='word_1_419' title='bbox 124 3010 248 3064; x_wconf 77' lang='lat' dir='ltr'><strong>sultarent,</strong></span> <span class='ocrx_word' id='word_1_420' title='bbox 260 3025 308 3069; x_wconf 90' lang='lat' dir='ltr'><strong>quo</strong></span> <span class='ocrx_word' id='word_1_421' title='bbox 317 3013 433 3070; x_wconf 73' lang='lat' dir='ltr'><strong>postulatu</strong></span> <span class='ocrx_word' id='word_1_422' title='bbox 446 3027 496 3068; x_wconf 82' lang='lat' dir='ltr'><strong>suo,</strong></span> <span class='ocrx_word' id='word_1_423' title='bbox 507 3011 548 3057; x_wconf 93' lang='lat' dir='ltr'><strong>illo</strong></span> <span class='ocrx_word' id='word_1_424' title='bbox 559 3011 621 3070; x_wconf 79' lang='lat' dir='ltr'><strong>opud</strong></span> <span class='ocrx_word' id='word_1_425' title='bbox 633 3011 786 3058; x_wconf 72' lang='lat' dir='ltr'><strong>Maecenatem</strong></span> <span class='ocrx_word' id='word_1_426' title='bbox 796 3011 962 3068; x_wconf 79' lang='lat' dir='ltr'><strong>intercedente,</strong></span> <span class='ocrx_word' id='word_1_427' title='bbox 974 3011 1064 3057; x_wconf 79' lang='lat' dir='ltr'><strong>facilius</strong></span> 
     </span>
     <span class='ocr_line' id='line_1_43' title="bbox 125 3073 1063 3137; baseline 0 -17"><span class='ocrx_word' id='word_1_428' title='bbox 125 3074 268 3122; x_wconf 83' lang='lat' dir='ltr'><strong>obtinerent.</strong></span> <span class='ocrx_word' id='word_1_429' title='bbox 278 3100 310 3110; x_wconf 89' lang='lat'><em>-</em></span> <span class='ocrx_word' id='word_1_430' title='bbox 322 3073 429 3137; x_wconf 81' lang='lat' dir='ltr'><strong>[reverti]</strong></span> <span class='ocrx_word' id='word_1_431' title='bbox 442 3077 537 3123; x_wconf 86' lang='lat' dir='ltr'><strong>‘rursus</strong></span> <span class='ocrx_word' id='word_1_432' title='bbox 547 3076 629 3122; x_wconf 77' lang='lat' dir='ltr'><strong>edesse</strong></span> <span class='ocrx_word' id='word_1_433' title='bbox 639 3076 665 3122; x_wconf 89' lang='lat' dir='ltr'><strong>in</strong></span> <span class='ocrx_word' id='word_1_434' title='bbox 675 3075 781 3135; x_wconf 73' lang='lat' dir='ltr'><strong>collegio,</strong></span> <span class='ocrx_word' id='word_1_435' title='bbox 790 3076 830 3122; x_wconf 88' lang='lat' dir='ltr'><strong>ubi</strong></span> <span class='ocrx_word' id='word_1_436' title='bbox 841 3077 907 3136; x_wconf 79' lang='lat' dir='ltr'><strong>de‚re</strong></span> <span class='ocrx_word' id='word_1_437' title='bbox 917 3077 982 3136; x_wconf 73' lang='lat' dir='ltr'><strong>gravi</strong></span> <span class='ocrx_word' id='word_1_438' title='bbox 993 3083 1063 3134; x_wconf 79' lang='lat' dir='ltr'><strong>etque</strong></span> 
     </span>
     <span class='ocr_line' id='line_1_44' title="bbox 124 3139 1064 3201; baseline 0.001 -17"><span class='ocrx_word' id='word_1_439' title='bbox 124 3139 295 3199; x_wconf 75' lang='lat' dir='ltr'><strong>inexspectati&#39;</strong></span> <span class='ocrx_word' id='word_1_440' title='bbox 307 3139 425 3201; x_wconf 85' lang='lat' dir='ltr'><strong>(videlicet</strong></span> <span class='ocrx_word' id='word_1_441' title='bbox 436 3141 523 3197; x_wconf 86' lang='lat' dir='ltr'><strong>scribis,</strong></span> <span class='ocrx_word' id='word_1_442' title='bbox 535 3155 588 3187; x_wconf 85' lang='lat' dir='ltr'><strong>curn</strong></span> <span class='ocrx_word' id='word_1_443' title='bbox 601 3140 706 3195; x_wconf 81' lang='lat' dir='ltr'><strong>Horatio,</strong></span> <span class='ocrx_word' id='word_1_444' title='bbox 716 3149 778 3196; x_wconf 70' lang='lat' dir='ltr'><strong>utre</strong></span> <span class='ocrx_word' id='word_1_445' title='bbox 791 3143 847 3187; x_wconf 78' lang='lat' dir='ltr'><strong>seri</strong></span> <span class='ocrx_word' id='word_1_446' title='bbox 858 3150 915 3197; x_wconf 79' lang='lat' dir='ltr'><strong>esst,</strong></span> <span class='ocrx_word' id='word_1_447' title='bbox 927 3141 984 3186; x_wconf 85' lang='lat' dir='ltr'><strong>levis</strong></span> <span class='ocrx_word' id='word_1_448' title='bbox 994 3146 1064 3197; x_wconf 80' lang='lat' dir='ltr'><strong>etque</strong></span> 
     </span>
     <span class='ocr_line' id='line_1_45' title="bbox 124 3203 1064 3266; baseline -0.002 -16"><span class='ocrx_word' id='word_1_449' title='bbox 124 3203 213 3263; x_wconf 74' lang='lat' dir='ltr'><strong>exigue</strong></span> <span class='ocrx_word' id='word_1_450' title='bbox 225 3204 350 3262; x_wconf 78' lang='lat' dir='ltr'><strong>videretur,</strong></span> <span class='ocrx_word' id='word_1_451' title='bbox 362 3206 407 3251; x_wconf 86' lang='lat' dir='ltr'><strong>sibi</strong></span> <span class='ocrx_word' id='word_1_452' title='bbox 418 3217 494 3252; x_wconf 75' lang='lat' dir='ltr'><strong>temen</strong></span> <span class='ocrx_word' id='word_1_453' title='bbox 504 3203 626 3266; x_wconf 75' lang='lat' dir='ltr'><strong>molesto);</strong></span> <span class='ocrx_word' id='word_1_454' title='bbox 640 3207 752 3266; x_wconf 71' lang='lat' dir='ltr'><strong>‘queque</strong></span> <span class='ocrx_word' id='word_1_455' title='bbox 766 3206 796 3252; x_wconf 85' lang='lat' dir='ltr'><strong>sd</strong></span> <span class='ocrx_word' id='word_1_456' title='bbox 809 3206 886 3266; x_wconf 88' lang='lat' dir='ltr'><strong>ipsum</strong></span> <span class='ocrx_word' id='word_1_457' title='bbox 901 3219 994 3266; x_wconf 86' lang='lat' dir='ltr'><strong>quoque</strong></span> <span class='ocrx_word' id='word_1_458' title='bbox 1011 3217 1064 3248; x_wconf 84' lang='lat' dir='ltr'><strong>cum</strong></span> 
     </span>
     <span class='ocr_line' id='line_1_46' title="bbox 125 3267 631 3327; baseline 0.006 -13"><span class='ocrx_word' id='word_1_459' title='bbox 125 3267 211 3315; x_wconf 78' lang='lat' dir='ltr'><strong>ceteris</strong></span> <span class='ocrx_word' id='word_1_460' title='bbox 221 3269 355 3327; x_wconf 85' lang='lat' dir='ltr'><strong>pertineret,</strong></span> <span class='ocrx_word' id='word_1_461' title='bbox 366 3271 544 3318; x_wconf 76' lang='lat' dir='ltr'><strong>consultandum</strong></span> <span class='ocrx_word' id='word_1_462' title='bbox 555 3270 631 3317; x_wconf 67' lang='lat' dir='ltr'><strong>esset!</strong></span> 
     </span>
    </p>

    <p class='ocr_par' dir='ltr' id='par_1_6' title="bbox 126 3331 1066 3704">
     <span class='ocr_line' id='line_1_47' title="bbox 159 3331 1066 3396; baseline -0.001 -18"><span class='ocrx_word' id='word_1_463' title='bbox 159 3331 200 3387; x_wconf 86' lang='grc'><strong>38,</strong></span> <span class='ocrx_word' id='word_1_464' title='bbox 208 3333 248 3381; x_wconf 87' lang='grc'><strong>39.</strong></span> <span class='ocrx_word' id='word_1_465' title='bbox 266 3332 407 3396; x_wconf 77' lang='lat' dir='ltr'><strong>[imprimat]</strong></span> <span class='ocrx_word' id='word_1_466' title='bbox 423 3335 475 3382; x_wconf 84' lang='lat' dir='ltr'><strong>lloe</strong></span> <span class='ocrx_word' id='word_1_467' title='bbox 486 3345 551 3395; x_wconf 78' lang='lat' dir='ltr'><strong>rogat</strong></span> <span class='ocrx_word' id='word_1_468' title='bbox 566 3336 648 3383; x_wconf 88' lang='lat' dir='ltr'><strong>tertius</strong></span> <span class='ocrx_word' id='word_1_469' title='bbox 657 3335 742 3396; x_wconf 76' lang='lat' dir='ltr'><strong>uliquis</strong></span> <span class='ocrx_word' id='word_1_470' title='bbox 753 3335 823 3381; x_wconf 92' lang='lat' dir='ltr'><strong>homo</strong></span> <span class='ocrx_word' id='word_1_471' title='bbox 833 3334 973 3394; x_wconf 76' lang='lat' dir='ltr'><strong>negotiosus.</strong></span> <span class='ocrx_word' id='word_1_472' title='bbox 1006 3331 1066 3377; x_wconf 84' lang='lat' dir='ltr'><strong>Mre-</strong></span> 
     </span>
     <span class='ocr_line' id='line_1_48' title="bbox 126 3391 1064 3461; baseline -0.001 -18"><span class='ocrx_word' id='word_1_473' title='bbox 126 3411 198 3444; x_wconf 79' lang='lat' dir='ltr'><strong>eenas</strong></span> <span class='ocrx_word' id='word_1_474' title='bbox 209 3407 286 3445; x_wconf 86' lang='lat' dir='ltr'><strong>sutem</strong></span> <span class='ocrx_word' id='word_1_475' title='bbox 298 3399 360 3446; x_wconf 82' lang='lat' dir='ltr'><strong>circs</strong></span> <span class='ocrx_word' id='word_1_476' title='bbox 370 3409 461 3460; x_wconf 85' lang='lat' dir='ltr'><strong>tempus</strong></span> <span class='ocrx_word' id='word_1_477' title='bbox 471 3397 557 3461; x_wconf 69' lang='lat' dir='ltr'><strong>pugne</strong></span> <span class='ocrx_word' id='word_1_478' title='bbox 567 3401 675 3456; x_wconf 80' lang='lat' dir='ltr'><strong>Actiocse,</strong></span> <span class='ocrx_word' id='word_1_479' title='bbox 688 3413 712 3446; x_wconf 82' lang='grc' dir='ltr'><strong>Α.</strong></span> <span class='ocrx_word' id='word_1_480' title='bbox 720 3411 770 3448; x_wconf 75' lang='lat' dir='ltr'><strong>mc.</strong></span> <span class='ocrx_word' id='word_1_481' title='bbox 783 3391 837 3453; x_wconf 70' lang='grc'><strong>733,</strong></span> <span class='ocrx_word' id='word_1_482' title='bbox 851 3398 924 3446; x_wconf 80' lang='lat' dir='ltr'><strong>ltolise</strong></span> <span class='ocrx_word' id='word_1_483' title='bbox 935 3397 1064 3457; x_wconf 70' lang='lat' dir='ltr'><strong>prefectus,</strong></span> 
     </span>
     <span class='ocr_line' id='line_1_49' title="bbox 127 3462 1064 3524; baseline -0.001 -14"><span class='ocrx_word' id='word_1_484' title='bbox 127 3462 228 3510; x_wconf 70' lang='lat' dir='ltr'><strong>casaris</strong></span> <span class='ocrx_word' id='word_1_485' title='bbox 239 3464 360 3510; x_wconf 81' lang='lat' dir='ltr'><strong>Ootuvisni</strong></span> <span class='ocrx_word' id='word_1_486' title='bbox 369 3465 482 3511; x_wconf 78' lang='lat' dir='ltr'><strong>ennulurn</strong></span> <span class='ocrx_word' id='word_1_487' title='bbox 493 3466 646 3524; x_wconf 68' lang='lat' dir='ltr'><strong>signatorium</strong></span> <span class='ocrx_word' id='word_1_488' title='bbox 656 3465 744 3512; x_wconf 77' lang='lat' dir='ltr'><strong>hebuit.</strong></span> <span class='ocrx_word' id='word_1_489' title='bbox 758 3465 803 3518; x_wconf 82' lang='lat' dir='ltr'><strong>Dio</strong></span> <span class='ocrx_word' id='word_1_490' title='bbox 813 3466 876 3510; x_wconf 78' lang='lat' dir='ltr'><strong>Coss.</strong></span> <span class='ocrx_word' id='word_1_491' title='bbox 887 3462 927 3514; x_wconf 78' lang='lat' dir='ltr'><strong>ol.</strong></span> <span class='ocrx_word' id='word_1_492' title='bbox 938 3463 961 3508; x_wconf 83' lang='grc'>3</span> <span class='ocrx_word' id='word_1_493' title='bbox 972 3485 1006 3497; x_wconf 89' lang='grc'>-</span> <span class='ocrx_word' id='word_1_494' title='bbox 1018 3463 1064 3509; x_wconf 77' lang='grc' dir='ltr'><strong>Τα-</strong></span> 
     </span>
     <span class='ocr_line' id='line_1_50' title="bbox 128 3527 1066 3590; baseline -0.001 -16"><span class='ocrx_word' id='word_1_495' title='bbox 128 3528 194 3574; x_wconf 78' lang='lat' dir='ltr'><strong>heila</strong></span> <span class='ocrx_word' id='word_1_496' title='bbox 210 3541 263 3585; x_wconf 73' lang='lat' dir='ltr'><strong>que</strong></span> <span class='ocrx_word' id='word_1_497' title='bbox 277 3528 372 3584; x_wconf 82' lang='lat' dir='ltr'><strong>fuerint,</strong></span> <span class='ocrx_word' id='word_1_498' title='bbox 387 3527 492 3576; x_wconf 74' lang='lat' dir='ltr'><strong>divinare</strong></span> <span class='ocrx_word' id='word_1_499' title='bbox 507 3544 555 3576; x_wconf 88' lang='lat' dir='ltr'><strong>non</strong></span> <span class='ocrx_word' id='word_1_500' title='bbox 571 3545 706 3590; x_wconf 82' lang='lat' dir='ltr'><strong>possumus:</strong></span> <span class='ocrx_word' id='word_1_501' title='bbox 723 3529 798 3574; x_wconf 78' lang='lat' dir='ltr'><strong>fuitne</strong></span> <span class='ocrx_word' id='word_1_502' title='bbox 809 3528 918 3588; x_wconf 83' lang='lat' dir='ltr'><strong>diploma,</strong></span> <span class='ocrx_word' id='word_1_503' title='bbox 929 3528 993 3586; x_wconf 81' lang='lat' dir='ltr'><strong>quod</strong></span> <span class='ocrx_word' id='word_1_504' title='bbox 1003 3527 1066 3573; x_wconf 82' lang='lat' dir='ltr'><strong>‹lice-</strong></span> 
     </span>
     <span class='ocr_line' id='line_1_51' title="bbox 127 3589 1065 3704; baseline 0.001 -66"><span class='ocrx_word' id='word_1_505' title='bbox 127 3593 186 3638; x_wconf 76' lang='lat' dir='ltr'><strong>bent</strong></span> <span class='ocrx_word' id='word_1_506' title='bbox 198 3589 285 3653; x_wconf 78' lang='lat' dir='ltr'><strong>(Terit.</strong></span> <span class='ocrx_word' id='word_1_507' title='bbox 298 3594 360 3641; x_wconf 88' lang='lat' dir='ltr'><strong>llist.</strong></span> <span class='ocrx_word' id='word_1_508' title='bbox 371 3594 395 3654; x_wconf 77' lang='lat'><strong>2,</strong></span> <span class='ocrx_word' id='word_1_509' title='bbox 404 3593 436 3640; x_wconf 79' lang='lat' dir='ltr'><strong>ot</strong></span> <span class='ocrx_word' id='word_1_510' title='bbox 444 3603 468 3641; x_wconf 89' lang='lat' dir='ltr'><strong>et</strong></span> <span class='ocrx_word' id='word_1_511' title='bbox 477 3593 530 3655; x_wconf 85' lang='grc'>66),</span> <span class='ocrx_word' id='word_1_512' title='bbox 542 3595 605 3704; x_wconf 69' lang='lat' dir='ltr'><strong>qupd</strong></span> <span class='ocrx_word' id='word_1_513' title='bbox 616 3595 647 3640; x_wconf 80' lang='lat' dir='ltr'><strong>sd</strong></span> <span class='ocrx_word' id='word_1_514' title='bbox 655 3603 733 3642; x_wconf 87' lang='lat' dir='ltr'><strong>rstum</strong></span> <span class='ocrx_word' id='word_1_515' title='bbox 742 3593 816 3650; x_wconf 82' lang='lat' dir='ltr'><strong>fleret,</strong></span> <span class='ocrx_word' id='word_1_516' title='bbox 827 3606 841 3638; x_wconf 89' lang='lat' dir='ltr'><strong>s</strong></span> <span class='ocrx_word' id='word_1_517' title='bbox 851 3591 977 3639; x_wconf 74' lang='lat' dir='ltr'><strong>liecemte</strong></span> <span class='ocrx_word' id='word_1_518' title='bbox 987 3592 1065 3651; x_wconf 69' lang='lat' dir='ltr'><strong>obsip-</strong></span> 
     </span>
    </p>
   </div>
   <div class='ocr_carea' id='block_1_3' title="bbox 0 0 1237 4059">
    <p class='ocr_par' dir='ltr' id='par_1_7' title="bbox 0 0 1237 4059">
     <span class='ocr_line' id='line_1_52' title="bbox 0 0 1237 4059; baseline 0 0"><span class='ocrx_word' id='word_1_519' title='bbox 0 0 1237 4059; x_wconf 95' lang='lat' dir='ltr'><strong> </strong></span> 
     </span>
    </p>
   </div>
  </div>
 </body>
</html>
