2442 4059
151 248 216 315 202
478 249 762 297 luuuuruuuaulu
999 245 1099 312 [cesso.

154 410 267 463 protem
281 402 367 463 purtim
382 402 412 448 sd
430 401 527 449 nimiam
540 403 656 448 bonorum
670 409 820 448 externorum
834 399 1005 461 oppetitionem
1016 402 1100 448 mode·

153 468 251 513 caudam
263 467 401 527 divitiusque
416 465 584 527 despiciendos,
597 466 685 529 purtim
695 467 726 512 sd
735 466 813 512 omnis
827 466 920 524 generis
935 466 1035 512 timores
1046 466 1102 512 sorti

155 533 233 578 animo
244 532 384 593 abjiciendos
394 532 467 578 reluta
478 540 556 577 est-
565 527 661 593 [prope]
673 532 813 577 sententium
822 525 970 592 παράδοξον
978 531 1104 591 eliquanto

155 597 255 656 mitigat,
272 612 365 657 prorsus
382 604 408 642 ut
421 596 469 643 Sat.
483 596 589 652 1,3,98,
606 599 697 644 utilitas
705 594 767 657 justi
779 610 852 657 prope
867 604 941 642 nsoter
956 602 980 643 et
994 599 1104 657 aqui.-

158 658 216 723 [una
232 659 339 723 Solaque]
361 661 431 721 Apud
448 662 495 708 Cic.
513 662 637 721 aliquoties
653 670 689 707 est
705 677 764 708 ussus
778 662 839 706 solus
856 660 907 705 sine
923 661 1026 720 copulis
1043 676 1104 707 ιιιιιιι

157 727 215 773 alios
232 740 278 772 non
298 726 409 781 excludit,
427 728 468 773 sed
484 740 559 772 unum
575 734 667 773 unium
684 727 751 787 ponit
766 726 926 786 precipuumc
941 727 1004 771 solus
1020 735 1106 772 conus

158 805 238 838 omnes
250 790 307 837 ulios
317 792 428 838 excludit.
456 792 548 852 Koenig.

190 856 213 909 3,
225 855 247 901 4.
265 852 336 915 [hunc
348 854 428 917 soum]
446 851 577 914 δεικτικῶς,
593 857 682 914 ‘quem
692 868 773 901 omnes
790 852 975 900 sdmiromr.'-
986 851 1105 916 [cerlis—

159 919 286 981 rnornentis]
300 921 415 967 ‘motibus
424 935 516 982 semper
527 920 663 979 equalibus,
673 919 770 966 circuitu
777 919 841 965 fixo!
857 919 905 965 Cic.
913 920 943 964 de
951 920 982 965 N.
991 920 1022 965 D.
1030 921 1054 974 2,
1062 920 1103 976 62,

161 986 275 1033 Circuitus
290 987 344 1032 solis
362 993 385 1033 el
401 987 460 1033 luna
476 987 656 1047 reliquorumque
667 987 766 1032 sidem
773 985 958 1043 -spectoculuss
975 987 1105 1031 hominibus

156 1050 277 1111 prebent:
294 1052 358 1097 nulla
374 1057 408 1098 est
422 1053 481 1098 enim
498 1051 651 1097 insatiabilior
665 1052 757 1110 species,
773 1050 838 1095 nullo
848 1050 972 1109 pulchrior.
1006 1052 1014 1074 ⁴
1028 1050 1104 1096 Verus

159 1114 319 1175 philosophus,
336 1131 389 1163 ooer
399 1117 547 1176 investigator
557 1122 580 1162 et
591 1116 690 1176 diligens
700 1130 777 1162 eorum
787 1130 870 1167 rerum,
881 1129 931 1174 quus
942 1117 1030 1160 notura
1041 1116 1105 1161 isso·

160 1181 214 1227 iulae
230 1182 337 1227 oidentsar
357 1179 416 1240 (Cic.
441 1180 502 1227 Tim.
522 1180 557 1238 l),
581 1181 707 1238 tranquillo
726 1180 805 1225 animo
820 1180 905 1224 coelum
921 1180 1105 1240 contemplatur,

160 1242 298 1308 (ἀνταυγὲς
305 1241 509 1309 πρὸςὍλιιμπον
516 1240 684 1306 ἀταρβήτοισι
691 1242 863 1306 «morarer
880 1244 960 1288 Liberi
968 1252 1026 1289 sunt
1032 1243 1107 1304 igitur

162 1310 292 1371 philosophi
313 1308 378 1371 (nam
396 1325 442 1355 non
459 1310 489 1355 de
505 1310 560 1356 solis
573 1309 694 1369 Epicureis
708 1307 785 1369 sgitz)
802 1310 831 1354 sb
847 1309 876 1353 iis
892 1308 1028 1362 timoribus,
1045 1324 1105 1369 quos

162 1376 254 1435 popello
265 1376 424 1434 superstitioso
435 1373 539 1420 incutere
550 1374 625 1419 soient
635 1373 802 1420 mathematici.

195 1438 267 1494 5-7.
284 1437 353 1500 [quid
367 1437 454 1501 censes]
478 1439 525 1486 cic.
543 1439 573 1485 de
591 1439 654 1497 Lege
665 1438 721 1497 Agr.
739 1439 762 1491 2,
782 1437 818 1492 l7,
840 1439 902 1487 Quid
916 1440 1106 1500 censetis—qus

165 1507 243 1551 timore
259 1511 349 1551 esterru
359 1507 461 1551 nationes
469 1502 587 1565 suturas?
620 1504 693 1549 Solito
703 1512 739 1549 est
749 1501 923 1549 consuetudinis
935 1502 1045 1558 formula,
1056 1506 1106 1563 quui

164 1569 194 1623 ei,
211 1583 241 1613 ex
252 1582 299 1627 quo
309 1570 399 1628 aliquid
414 1568 548 1627 querimus,
567 1568 643 1614 serius
658 1566 782 1627 instamus,
797 1582 868 1627 quoru
883 1568 903 1613 si
919 1568 1057 1626 languidius
1071 1568 1106 1614 sic

163 1633 374 1691 interrogaremus:
397 1635 470 1684 ‘Quo
489 1635 572 1681 timore
590 1641 683 1680 exteros
701 1632 807 1678 notiones
825 1632 913 1678 suturas
931 1632 1064 1678 censetisl'
1080 1641 1106 1678 et

164 1702 234 1743 breve
244 1698 345 1757 spatium
355 1699 485 1745 meditandi
491 1699 549 1759 quid
559 1698 701 1758 respondeat
710 1697 732 1743 ei
743 1697 897 1753 concedimus,
906 1704 1014 1743 nostrum
1025 1706 1107 1744 umen

164 1764 193 1809 ei
205 1762 234 1807 de
245 1776 270 1808 re
276 1763 392 1823 judicium
404 1772 445 1809 sut
455 1765 516 1810 cisre
524 1764 683 1823 proponimus,
694 1770 735 1809 sut
742 1763 824 1808 ssitem
835 1762 1002 1821 significamus,
1014 1770 1042 1807 ut
1052 1762 1106 1808 nie:

165 1827 326 1874 ‘admirabilia
342 1842 388 1873 nou
400 1828 465 1874 esse.⁸
499 1828 639 1879 ‘Quomodo
655 1828 780 1888 spectando
796 1841 875 1873 censes
886 1840 986 1872 munero
997 1836 1107 1873 terre-—

166 1905 213 1952 quo
224 1906 301 1941 sensu.
309 1892 369 1948 dico,
380 1899 404 1937 et
415 1906 454 1938 ore
462 1890 636 1954 l'—[rnunero
646 1889 726 1953 lenc]
744 1906 834 1944 surum,
846 1899 978 1949 argentum,
994 1906 1106 1939 marmor.

166 1952 304 2018 -·[mcris]
329 1970 433 2009 munero,
458 1958 602 2016 margaritus,
626 1952 944 2017 purpuram-[erismae]
967 1964 995 2001 ιιι
1017 1958 1063 2003 Od.
1082 1956 1106 2012 1,

167 2020 206 2076 35,
225 2021 272 2068 3οι
295 2022 385 2067 ultimos
407 2022 474 2068 Orbis
496 2016 808 2083 Britannum—[Ludius]
830 2021 915 2066 ‘ludos
934 2022 1057 2081 publicos,’
1078 2032 1107 2068 ιιι

166 2100 228 2147 sepe
246 2086 309 2147 apud
326 2086 426 2133 Livium.
459 2086 616 2147 cogitandum
632 2096 711 2133 sutem
728 2100 775 2133 non
791 2087 866 2131 solum
884 2087 913 2131 de
929 2088 1023 2132 summi
1038 2088 1106 2147 cupi·

167 2152 247 2208 ditate,
260 2152 307 2212 qui
317 2150 422 2211 plerique
433 2150 555 2197 inhiabunt
565 2151 734 2210 gladiatoribus
744 2160 768 2197 et
778 2150 927 2205 circensibus,
940 2164 1021 2196 verum
1034 2152 1106 2197 ειὶιιὶιι

167 2216 196 2263 de
211 2216 342 2263 incredibili
358 2216 437 2262 studio
454 2216 479 2261 iu
496 2216 581 2262 talibus
596 2214 652 2276 poni
670 2216 739 2261 solito
755 2218 785 2261 sb
803 2216 839 2271 iis,
857 2216 897 2275 qui
913 2215 981 2261 ludos
996 2217 1108 2271 edebsul,

167 2282 245 2328 oediies
261 2282 313 2328 dieo
324 2290 348 2328 et
363 2290 480 2342 pretores,
491 2296 538 2342 quo
549 2281 646 2327 aemulos
656 2280 830 2338 msgnidcentis
839 2280 960 2326 uincerent
975 2282 1108 2342 populique

166 2347 267 2392 savorem
279 2346 321 2392 sibi
333 2347 490 2394 conciliarent.
522 2346 585 2392 Pers.
596 2346 644 2391 Sst
655 2347 678 2400 o,
693 2345 746 2401 176.

199 2410 285 2459 9-13.
304 2408 425 2473 [miratur]
444 2411 554 2472 ‘stupeis
571 2411 640 2456 etium
652 2410 676 2455 in
689 2409 764 2465 molis,
775 2418 801 2455 ut
813 2411 899 2456 Lucan.
910 2412 933 2465 2,
945 2411 985 2466 28,
1003 2411 1108 2458 Necdum

165 2480 200 2522 est
210 2477 249 2522 ille
259 2477 329 2533 dolor,
339 2475 435 2537 sedjasn
444 2482 527 2529 metues
537 2477 631 2522 incubat
641 2490 716 2523 omens
723 2476 869 2536 Miraturque
877 2472 1108 2537 nolum.—[pooor]

168 2539 216 2585 Cic.
234 2540 302 2586 Tusc.
318 2541 341 2596 4,
359 2540 382 2597 8,
399 2541 515 2595 Pauorem,
531 2546 613 2587 metum
623 2547 718 2587 nestero
735 2541 781 2586 loco
794 2537 1052 2601 nocentem-[sirnul
1082 2550 1109 2587 ut

166 2617 228 2663 ssepc
246 2618 288 2663 pro
303 2602 558 2667 simulac-[species]
573 2619 721 2666 appearance,
735 2603 876 2666 (pliontassn,
889 2603 1046 2661 Possow.)·—
1068 2622 1109 2653 es-

168 2665 251 2730 tarrel]
268 2665 410 2725 ἐκπλήττει.
426 2669 475 2717 cie.
490 2671 505 2715 i.
521 2670 536 2716 1.
552 2677 667 2726 terrorem,
683 2677 767 2717 ueiens
780 2671 948 2716 marusim.
989 2669 1045 2716 Jsm
1060 2685 1110 2718 noo

169 2732 220 2779 sine
231 2741 280 2778 orte
296 2748 338 2793 per
353 2742 428 2780 totum
438 2734 515 2781 locum
529 2734 603 2781 utitur
613 2735 732 2781 vocubulis
742 2733 826 2780 mediis
841 2742 864 2779 et
879 2733 984 2793 cupidini
997 2744 1021 2780 et
1032 2737 1109 2782 metui
1209 2777 1210 2788 ,

168 2811 235 2857 oeque
252 2798 458 2853 convenientibusc
473 2813 529 2845 nom
544 2800 617 2847 etiam
636 2800 676 2858 qui
696 2799 845 2845 vehementer
860 2798 932 2859 cupit,
950 2812 994 2844 nec
1010 2800 1110 2859 opinati

167 2861 223 2909 boni
234 2862 310 2921 specie
321 2864 398 2909 subito
407 2864 485 2910 onisco
495 2872 629 2918 exterretur,
645 2864 791 2917 concutiturr
805 2865 857 2924 ejus
874 2878 940 2909 mens
955 2878 985 2909 ex
997 2865 1054 2911 sede
1064 2869 1110 2913 sui

168 2935 193 2975 et
208 2934 269 2972 statu
285 2927 428 2975 demovetur.
461 2928 537 2988 Ssgux
553 2931 657 2989 quidem,
676 2930 719 2975 etsi
738 2943 785 2974 oon
803 2942 897 2988 prorsus
916 2929 1055 2987 necesariis,
1073 2941 1112 2977 est

169 2990 271 3040 Jacobsii
294 2990 322 3037 L.
353 2993 380 3038 V.
399 3008 421 3053 p.
443 2992 496 3048 157,
518 2998 577 3055 conj.
600 3000 711 3041 ocimoi-
746 2992 857 3039 Horatius
878 2993 922 3038 hoc
942 3008 963 3039 v.
985 3008 1110 3054 nunquam

169 3065 274 3117 usurpet,
290 3056 330 3102 sed
342 3066 427 3115 prseter
438 3059 555 3105 Catullum
567 3060 606 3115 ul,
617 3058 657 3113 70.
667 3066 692 3104 et
709 3058 762 3112 lul,
778 3058 849 3103 etium
861 3057 929 3103 ona.
943 3058 1001 3104 Met.
1019 3059 1058 3115 ll,
1070 3060 1110 3117 77,

166 3124 297 3233 rllpternata
305 3117 388 3181 sugam
392 3118 485 3181 frustra
496 3126 647 3171 tentabat-
656 3120 720 3184 [spe]
746 3125 803 3183 Spes
813 3131 849 3169 est
859 3122 939 3182 opinio
948 3126 1064 3184 cujusque
1074 3127 1110 3172 rei

177 3202 191 3233 u
203 3202 259 3233 urse.

204 3250 305 3300 lli—18.
324 3246 429 3310 [losoni]
447 3250 546 3311 ‘Neque
555 3252 588 3309 id,
604 3252 668 3311 quod
678 3251 737 3305 dixi,
752 3252 861 3299 derebus
872 3252 974 3298 externis
986 3253 1111 3301 dumtaxat

171 3317 239 3363 solet.
272 3316 344 3371 Quid,
363 3316 425 3373 quod
438 3315 509 3362 etism
520 3317 593 3377 ipsius
603 3318 697 3363 virtutis
710 3317 814 3363 studium
825 3316 895 3363 nimis
905 3317 991 3363 ardens
1000 3332 1109 3365 omnem·

171 3394 217 3438 que
233 3382 328 3427 modum
347 3378 470 3435 excedens,
488 3382 549 3440 quod
564 3382 674 3427 affectunt
685 3382 756 3428 Stoici
773 3392 796 3428 et
812 3382 1028 3443 Gymnosophistoe,
1043 3386 1109 3444 josto
1208 3417 1209 3454 ,

171 3445 351 3502 reprehensione
360 3443 465 3491 stultitiis,²
479 3453 549 3503 atque
562 3443 716 3506 nesciocuius
725 3446 750 3491 in
762 3447 819 3493 ulios
828 3446 958 3506 iniquitatis
970 3461 1018 3492 non
1029 3450 1108 3495 osreti

173 3506 243 3563 Num,
261 3518 287 3555 ut
300 3510 334 3555 sit
345 3510 392 3555 Cic.
405 3510 473 3554 Tusc.
486 3508 508 3559 4.
520 3510 559 3563 2i,
576 3511 659 3556 Studia
669 3512 704 3557 oei
714 3514 846 3571 optimorum
856 3525 931 3557 reruos
941 3512 1024 3558 sedato
1032 3518 1109 3560 mrsu

171 3577 194 3617 et
210 3575 335 3632 tranquillo
350 3589 398 3621 esse
413 3573 508 3621 debent.¹
517 3598 548 3607 -
559 3570 589 3634 [1
603 3571 673 3635 nunc]
691 3574 780 3625 ‘Quod
791 3576 821 3631 si,
839 3590 891 3635 quoe
901 3575 951 3621 dixi
964 3590 999 3622 vs.
1016 3575 1107 3631 s-to,

169 3641 221 3681 tute
231 3639 350 3693 concedes,
366 3638 434 3685 siiter
451 3638 500 3685 fieri
512 3652 558 3685 uon
570 3646 655 3699 potest,
669 3652 739 3698 quom
755 3648 781 3687 ut
791 3648 858 3686 tuum
871 3640 987 3699 judicium
998 3642 1029 3687 de
1039 3642 1109 3688 bouis
1207 3669 1208 3692 ;
