2442 4059
117 278 171 316 ua.
184 277 213 314 11.
228 263 263 327 2.]
455 264 737 313 tutamentum.
1007 267 1069 334 149

119 419 130 492 ξ
135 416 185 464 Cic.
197 419 227 494 de
238 417 279 464 Or.
290 417 314 493 2,
326 415 366 473 58,
372 416 510 494 pdlosas'res
519 431 586 478 sepe,
597 431 655 493 pape
664 418 806 493 nrgupesstls
817 418 876 465 ds'lus‘
886 432 930 493 spu
939 413 1014 478 focile
1024 428 1066 476 est,

113 481 395 602 tumlti?
402 481 654 594 tlttltltiltt’
663 482 865 602 :tilltrllt
877 483 1067 602 illatae:

117 611 226 673 iudicum
239 611 352 665 mitiores,
364 610 465 658 leniores
476 611 533 657 lient
542 611 600 669 risu,
616 612 658 657 sed
673 611 800 672 respiciens
816 612 886 658 simul
902 613 932 659 ad
947 615 1067 675 propriam

122 675 319 736 significationem
330 689 367 719 rs.
378 677 435 722 solus'
445 684 469 722 ct
480 677 578 724 tabule)
614 676 709 723 Tabula
719 677 791 736 igitur
802 677 865 723 idem
877 679 940 736 quod
955 678 981 724 in
997 681 1067 740 prosa

123 755 158 788 or.
170 739 413 801 tabellaeJ'udiciariss3
427 739 497 787 totius
513 749 591 787 eutem
608 741 653 788 loci
669 742 787 788 mntemia
802 742 868 788 brec:
886 743 992 802 ‘Siquis
1007 745 1067 792 adeo

122 807 210 854 stultus
220 806 273 863 erit,
285 813 311 852 ut
321 813 398 851 tecum
409 805 548 866 injuriarum
564 813 627 865 agat,
639 815 665 852 tu
675 820 719 867 pro
729 815 794 854 certo
803 808 938 853 conivere·

507 1000 629 1048 setina
653 1000 687 1048 11.

159 1131 265 1176 Annuus.
283 1130 332 1177 Sub
345 1129 435 1186 Olellsc,
452 1130 532 1176 rustici
547 1131 678 1190 cujusdam,
689 1132 789 1192 perenni
802 1139 918 1191 praecepta
934 1131 1012 1187 tradit,
1028 1132 1070 1191 qui

124 1196 215 1242 nullius
233 1194 365 1254 philosophi
386 1195 496 1242 doctrine
514 1196 628 1251 addictus,
645 1196 759 1256 perversis
776 1197 852 1242 atatis
868 1211 917 1241 sure
934 1195 1068 1244 hominibus

123 1268 230 1307 veterem
241 1260 305 1306 illam
316 1259 480 1306 abstinentiam
492 1270 516 1307 et
526 1260 686 1320 frugalitatem
695 1261 815 1308 liberrimo
824 1260 1007 1320 gravissimoque
1018 1275 1068 1306 ser·

122 1339 196 1372 mone
204 1326 359 1380 commendat,
367 1339 438 1385 quam
448 1325 498 1386 ipse
507 1326 620 1386 optimam
628 1327 765 1386 adiutricem
776 1334 887 1386 expertus
899 1333 949 1371 erat
960 1326 989 1369 ad
1001 1326 1069 1372 beate

123 1390 254 1436 sinendum
270 1397 294 1436 et
310 1390 347 1436 vel
361 1389 432 1436 totius
449 1387 482 1436 rei
498 1389 620 1437 familiaria
631 1391 747 1450 jacturam
763 1405 832 1451 aquo
848 1390 928 1436 animo
940 1389 1068 1437 serendam.

123 1455 180 1502 Zell
190 1468 219 1501 ex
231 1455 317 1501 Heisd.
342 1454 434 1514 Scripta
443 1454 536 1500 videtur
546 1467 629 1502 e.u.c.
641 1454 696 1510 717.

160 1519 182 1576 1,
193 1520 217 1566 2.
231 1515 308 1580 [bosi]
321 1519 396 1566 amica
406 1519 518 1566 lectorum
534 1518 653 1567 allocutio.
680 1519 727 1567 cfr.
739 1521 788 1566 Sat.
799 1521 822 1575 2,
833 1518 857 1574 6,
868 1519 898 1566 51
910 1527 934 1564 et
944 1520 986 1566 95.
1006 1518 1068 1579 Epp.

122 1586 150 1642 2,
162 1586 186 1641 2,
196 1584 235 1638 37.
270 1585 442 1642 Argumentum
458 1599 485 1630 ac
501 1585 628 1631 sententias
644 1599 669 1630 se
685 1585 864 1645 desumpturum
875 1583 932 1629 dicit
942 1586 971 1630 ab
984 1584 1068 1639 Ofella,

122 1663 214 1708 easque
230 1663 273 1695 suo
288 1649 356 1696 modo
373 1662 551 1709 eapressurum3
569 1648 609 1696 cir.
626 1649 650 1694 in
666 1649 749 1710 primis
763 1664 785 1696 v.
802 1649 856 1705 112,
874 1648 973 1695 Olellam
989 1656 1070 1695 autem

123 1714 206 1774 ipsum
211 1714 346 1773 loquentem
353 1712 443 1760 inducit
449 1714 552 1770 demum,
559 1727 581 1760 v.
590 1710 781 1776 llll-[Oselln]
790 1715 870 1764 Quum
877 1714 957 1759 Codex
965 1714 1068 1772 Sangall.

123 1780 152 1826 h.
163 1780 182 1825 1.
194 1778 271 1824 firmet
282 1777 383 1824 Bentleii
398 1780 563 1838 conjecturam,
582 1779 628 1834 hie,
639 1793 676 1824 vv.
687 1779 727 1834 ta,
739 1779 793 1835 112,
810 1778 864 1834 133,
881 1779 1068 1824 substituendam

122 1858 179 1890 esse
190 1843 248 1890 duxi
259 1843 447 1889 terminationem
457 1858 473 1889 o
482 1843 549 1889 alteri
561 1843 586 1889 in
596 1860 631 1900 ur,
643 1859 697 1904 quse
706 1843 808 1889 librariis
818 1845 924 1898 debetur,
933 1843 1018 1903 quibus
1028 1844 1070 1889 illa

123 1909 153 1955 in
165 1907 215 1954 viro
225 1908 283 1954 false
294 1907 424 1962 videretur3
435 1908 475 1954 sed
484 1922 531 1954 non
542 1908 698 1954 meminerant
707 1910 785 1968 gentis
796 1909 910 1955 Romana
920 1923 1005 1954 nomen
1017 1921 1069 1954 esse

124 1975 214 2020 debere
228 1968 331 2034 Osells'us.
363 1972 486 2037 Lueretius
502 1969 576 2032 Ofello
592 1982 734 2021 memoratur
748 1989 762 2020 a
776 1973 865 2020 Velleio
876 1974 899 2030 2,
911 1973 949 2028 27,
961 1973 1069 2032 allisque.

124 2039 229 2085 Videtur
244 2037 315 2084 fuisse
333 2037 422 2084 vicinus
438 2045 462 2084 et
477 2036 599 2085 familiaris
611 2038 704 2085 Horatii
716 2039 819 2100 juvenis,
829 2038 865 2084 rir
874 2039 968 2098 sapiens
984 2038 1070 2083 natura

123 2111 199 2162 atque
210 2102 282 2149 insiti
293 2101 386 2158 vinum,
399 2104 466 2163 cnjus
482 2104 568 2150 candor
583 2111 697 2164 grataque
713 2104 849 2164 simplicitas
862 2105 945 2164 juncta
961 2116 1015 2147 cum
1031 2101 1069 2146 in-

123 2167 190 2227 signi
200 2167 279 2228 lepore
295 2167 351 2213 satis
361 2166 445 2214 festive
455 2168 580 2228 opponitur
597 2168 681 2215 Stoicis
695 2168 742 2215 illis
757 2168 889 2226 aretalogis,
906 2167 987 2226 quales
1002 2174 1071 2211 erant

124 2231 251 2292 Crispinus
261 2240 285 2277 et
297 2230 461 2292 Damasippus.

158 2297 233 2344 3—6.
251 2293 390 2358 [abnormis]
402 2311 496 2357 prorsus
505 2296 612 2344 disemus
628 2312 642 2343 n
657 2298 739 2343 normi
750 2296 800 2352 illd,
813 2309 884 2355 quam
896 2294 979 2352 vulgus
989 2292 1072 2340 statuit

123 2362 165 2417 iis,
176 2376 236 2422 quos
246 2361 397 2422 philosophos
408 2360 528 2408 nominare
543 2364 616 2409 solete
633 2362 709 2408 Ofella
724 2361 788 2406 enim
805 2360 871 2405 nulla
886 2360 950 2405 certa
966 2359 1031 2404 secti
1047 2365 1072 2405 et

122 2427 253 2487 disciplina
266 2426 376 2482 nutritus,
391 2427 433 2472 sed
449 2441 464 2472 a
481 2428 566 2472 natura
582 2427 677 2473 edoctus
694 2433 752 2481 erat,
766 2425 823 2484 quid
838 2438 919 2469 verum
933 2434 1070 2484 rectumque

122 2502 196 2540 esset.
206 2515 240 2528 -
250 2487 386 2552 [erasmus
402 2487 521 2551 Minerua]
534 2492 619 2550 ‘longe
629 2491 718 2538 distans
728 2505 743 2536 a
752 2488 881 2536 subtilitate
892 2488 933 2533 itta
943 2503 1005 2549 saepe
1016 2503 1069 2548 per·

125 2559 204 2612 semsi,
224 2570 295 2615 quam
314 2555 422 2602 affectare
441 2556 517 2602 solent
535 2555 683 2617 philosophi!
716 2554 868 2601 Proverbium
885 2556 971 2607 mmcd,
986 2555 1071 2615 pirgul

124 2622 238 2670 Memno
250 2619 311 2682 (cic.
323 2621 379 2667 Lsel.
390 2619 417 2681 5)
429 2635 443 2666 a
459 2621 553 2666 textura
569 2621 622 2667 rudi
639 2620 765 2681 repetitum
775 2628 818 2665 est.
829 2642 862 2652 -
873 2614 975 2679 [lances]
988 2631 1071 2665 aureas

124 2695 152 2734 et
167 2693 299 2745 argenteas,
315 2699 403 2732 mensas
418 2699 559 2731 marmoreas
574 2687 611 2731 vel
627 2686 723 2737 citreust
741 2692 845 2744 utraequc
861 2692 940 2728 autem
956 2685 1031 2730 nitent
1047 2691 1071 2729 et

124 2746 846 2878 [itm]

412 2847 419 2869 9

160 2880 248 2934 7-12
267 2877 402 2940 [Leporem]
421 2880 495 2926 Grata
506 2879 651 2938 negligentia
666 2879 813 2938 aliquantum
824 2876 939 2923 intricate
950 2886 1005 2923 sunt
1017 2891 1073 2923 sen-

125 2945 208 2993 tentie
219 2959 262 3004 pro
273 2944 408 3004 vulgaribus
418 2944 465 2990 liis:
479 2945 485 2970 ⁶
496 2943 627 2990 Venatione
635 2951 659 2989 et
670 2943 821 3003 equitatione,
831 2949 880 2998 aut,
891 2942 910 2987 si
922 2941 959 2987 hse
970 2941 1073 3003 corporis

124 3009 307 3058 exercitationes
318 3023 371 3055 vere
383 3009 497 3056 Romnum
509 3007 551 3054 tibi
568 3022 616 3054 non
627 3008 727 3068 placent,
739 3006 792 3068 pllae
804 3008 841 3053 vel
851 3006 908 3053 disci
920 3007 976 3053 ludo
986 3006 1072 3065 latiga-

125 3085 166 3122 tus
178 3074 219 3120 ubl
231 3074 285 3128 eris,
296 3081 353 3119 tunc
364 3074 469 3120 esuriens
479 3086 564 3132 sperne
575 3070 607 3133 (si
620 3081 700 3133 potes3
717 3073 758 3118 sed
771 3087 819 3118 uon
836 3070 935 3132 poteris)
952 3073 1030 3117 cibum
1045 3084 1073 3117 ac

125 3138 249 3202 potionem
258 3138 344 3184 vilem.¹
352 3161 385 3172 -
395 3134 510 3198 [Militis]
522 3137 621 3184 Venatio
631 3139 661 3184 ab
671 3136 781 3194 Aristide,
789 3138 854 3183 Orat.
866 3137 888 3193 2,
900 3152 922 3196 p.
934 3137 973 3192 25,
984 3131 1073 3196 μόρων

125 3202 269 3266 πολεμικῆς
279 3199 372 3264 τέχνης
382 3211 485 3249 vocatur.
496 3227 530 3236 -
541 3197 667 3264 [grecas-i]
679 3202 785 3258 ‘Graeca
795 3201 821 3247 id
832 3209 875 3256 est,
887 3201 992 3246 molliore
1003 3199 1074 3244 modo

125 3269 206 3316 slvere
217 3282 348 3328 corpusque
359 3282 467 3314 exercere
475 3267 490 3321 ς’
508 3267 541 3314 sic
550 3269 693 3329 pergraecari
707 3275 744 3313 est
759 3269 817 3327 ‘per
832 3274 905 3313 totam
921 3274 1014 3310 noctem
1030 3277 1073 3322 po·

125 3333 193 3382 tate)
203 3357 237 3367 -
249 3329 301 3394 [seu
310 3335 360 3392 pilo
370 3330 445 3394 neus]
458 3334 516 3379 ‘scu
528 3332 576 3393 pila
587 3341 610 3378 te
621 3335 672 3393 nglt
685 3332 772 3388 ‘ducit,
787 3331 866 3378 ellicit'
878 3329 997 3376 tuuclude
1009 3326 1074 3388 pita’

124 3422 160 3434 -
170 3394 301 3459 [Molliter]
314 3398 385 3443 ‘dum
395 3397 500 3444 studium
515 3397 586 3458 huius
601 3399 652 3444 ludi
662 3406 729 3458 grato
740 3398 810 3443 modo
820 3394 899 3449 efficit,
910 3402 936 3439 ut
946 3407 977 3438 ne
987 3391 1076 3438 sentias

125 3463 226 3523 quidem
237 3477 308 3520 quam
320 3461 397 3520 gravis
408 3476 450 3521 per
461 3475 485 3508 se
496 3461 527 3508 sit
542 3462 608 3508 labor
618 3462 674 3509 itte’

162 3526 266 3580 13—17.
286 3523 365 3587 [pete]
384 3526 442 3572 ‘hoc
457 3526 527 3572 modo
543 3536 566 3572 te
581 3527 680 3573 exerce!
715 3526 803 3573 nediu
814 3531 893 3569 autem
904 3521 1004 3567 cedentis
1014 3523 1076 3568 ueris

127 3591 233 3652 imagine
253 3591 312 3638 vitat
330 3591 444 3652 pedestris
461 3605 494 3638 or.
515 3591 617 3637 colorem
615 3654 631 3701 3
653 3592 723 3638 ‘lude
740 3588 819 3637 disco!
832 3611 865 3624 -
877 3582 1018 3648 [retuderit]
1039 3601 1075 3647 pr·
