2442 4059
109 299 148 336 att
159 284 286 345 matinen]
447 285 727 335 trecanensium.
986 285 1060 355 285

145 438 282 487 utto-269.
301 436 430 496 [Idciroone
445 434 527 499 unger]
544 436 612 484 ‘Hac
627 436 696 483 venii
714 436 763 497 ipse
780 450 873 495 quoque
890 437 975 483 abusus
994 437 1052 483 scri·

109 506 197 551 hamne
217 505 266 549 sine
287 503 334 549 uilo
355 510 418 548 certo
435 502 531 549 consiiio
549 516 637 555 versus,
659 503 742 562 spretis
763 500 944 548 accuratioribus
960 501 1050 561 legibus

108 568 233 615 metricisi
251 581 345 628 sperans
357 567 463 613 videlicet
481 582 527 614 non
546 568 651 626 quemvis
669 567 785 622 lectorem,
804 566 876 612 immo
892 566 1051 626 paucissimos,

108 632 135 680 id
152 647 203 679 esse
220 632 438 679 animadversurosi
471 631 511 679 An
530 632 634 684 sortasse,
652 632 767 677 contrario
786 645 863 677 errore
879 638 951 687 actus,
970 639 1050 691 putem

109 712 193 744 omnes
205 698 299 757 quidem
311 697 398 742 risuros
410 711 459 743 esse
470 711 523 743 mea
533 705 634 757 peccata,
651 697 692 741 sed
708 695 782 741 nihilo
797 696 874 741 minus
892 710 906 741 a
924 697 1050 755 repreben-

109 762 177 809 sionc
193 771 269 808 tutum
286 775 323 807 me
338 761 443 818 arbitrer,
461 761 586 807 dummodo
598 775 700 814 caream,
716 775 747 806 ne
758 774 837 805 versus
847 759 917 805 nimis
928 760 1002 806 scabri
1014 760 1050 806 sei

109 825 183 873 etism
199 839 292 887 prorsus
309 822 408 888 ἅμετροι
424 826 482 871 mihi
499 826 584 885 passim
600 825 727 871 excidanti
761 826 847 870 Verum
859 825 967 883 equidem
980 833 1050 871 tantae

109 891 260 951 negligentia
282 904 400 949 nunquam
424 905 476 937 reus
499 890 569 945 tiamr
594 902 648 935 nam
670 891 765 951 denique
787 889 822 949 (ai
844 891 902 942 laste
923 887 984 951 aster
1006 888 1050 948 sil)

109 956 209 1003 vitarem
232 954 327 1015 quidem
348 955 559 1015 reprehensionem,
582 956 675 1001 laudem
704 969 766 1013 vero,
792 968 862 1013 quam
880 969 966 1013 quaro,
987 955 1050 1014 apud

108 1020 198 1081 peritos
209 1020 300 1081 judices
317 1034 362 1065 non
374 1020 512 1066 invenirem.
541 1020 609 1066 Hanc
620 1019 694 1079 ipsam
705 1027 782 1064 autem
794 1020 887 1064 laudem
899 1019 967 1065 unice
978 1032 1049 1079 appe·

109 1086 214 1132 siverunt
228 1084 312 1131 summi
332 1085 464 1131 Graecorum
485 1093 567 1144 poetae,
580 1086 644 1129 omni
662 1083 805 1141 negligentii
819 1098 898 1129 severe
917 1084 959 1129 sibi
977 1084 1049 1130 iuter·

108 1150 229 1202 dicentem
259 1148 366 1209 quocirca
385 1164 432 1207 vos,
461 1149 563 1204 Pisones,
589 1149 633 1195 hos
655 1162 746 1193 mecum
767 1145 1048 1210 sequimini.'-[tatus]

109 1214 159 1261 cn.
170 1229 193 1260 v.
204 1214 246 1261 28.
255 1237 288 1248 -
297 1211 371 1274 [inira
385 1211 459 1275 τρια]
478 1216 548 1259 ‘eum
560 1213 668 1259 ultimum
680 1213 750 1257 finem
760 1212 824 1258 hand
838 1213 959 1266 excedens,
976 1228 1050 1272 usque

109 1280 140 1325 ad
152 1292 222 1337 quem
234 1293 325 1339 sperare
341 1278 408 1325 liceat
420 1292 457 1324 me
468 1279 634 1338 reprehensum
646 1291 692 1323 non
704 1277 787 1323 iri.’-
799 1273 961 1339 [exemplaria]
980 1279 1048 1337 ‘per-
1131 1280 1133 1285 “

108 1343 182 1391 sectos
194 1345 304 1403 quusque
312 1342 405 1401 generis
415 1342 537 1403 scriptores
548 1343 657 1389 Graecos'

142 1407 278 1463 eto—273.
297 1404 354 1469 [As]
373 1407 435 1463 ‘Ab'
447 1407 531 1467 inquit,
540 1410 654 1468 ‘maJores
663 1406 742 1466 magni
754 1405 828 1452 iecere
839 1406 961 1453 Plautum!
980 1406 1048 1453 ‘Uti-

109 1474 172 1533 que,'
184 1473 308 1533 respondet
320 1480 395 1533 poeta,
407 1473 462 1518 'sed
473 1480 567 1533 propter
578 1472 622 1518 hoc
633 1473 717 1533 ipsum,
734 1470 796 1530 quod
813 1470 955 1531 exemplaria
966 1471 1049 1520 (ἔνατα

104 1538 157 1585 bon
169 1537 225 1583 satis
237 1546 320 1583 norant
329 1551 405 1595 neque
416 1537 526 1583 eximiam
539 1538 622 1582 horum
632 1536 797 1597 perfectionem
808 1544 982 1596 perspexerant,
989 1549 1048 1596 prse-

107 1610 202 1665 postere
210 1602 344 1661 judicarunt
355 1602 384 1647 de
397 1602 472 1647 Plauti
483 1610 507 1647 et
517 1602 621 1647 versibus
633 1610 656 1648 et
667 1600 771 1648 facetiis!

141 1666 198 1721 stt.
216 1663 320 1728 [digitis]
334 1666 417 1726 quibus
428 1680 474 1713 non
486 1675 532 1713 tam
544 1666 681 1726 simpliciter
689 1672 841 1711 numerantur
848 1679 957 1710 versuum
968 1665 1048 1725 pedes,

108 1746 180 1792 quam
192 1731 281 1791 pollicis
293 1732 339 1778 ictu
352 1740 460 1777 notantur
471 1730 563 1795 ἄρσεις,
580 1740 606 1777 ut
617 1731 641 1776 in
653 1730 805 1791 symphoniis,
820 1730 860 1775 abi
870 1736 969 1790 tempora
980 1732 1049 1777 etiaas

107 1799 184 1844 animo
195 1798 317 1843 metiuntur
327 1802 349 1843 ei
358 1797 440 1856 pedum
451 1802 473 1843 et
485 1798 607 1857 digitorum
619 1798 666 1842 ictu
681 1796 801 1842 interuallo
811 1796 903 1856 rigarat
914 1796 1048 1855 quibusdan

107 1863 175 1909 sotir.
208 1860 321 1911 Quinctii.
334 1862 357 1916 9,
369 1862 391 1914 4.
403 1859 441 1907 tt.

142 1924 278 1980 276-277.
295 1921 425 1988 [Ignotum]
444 1924 506 1974 Quia
520 1924 624 1971 maxima
637 1922 740 1983 epistole
756 1938 810 1983 pars
820 1931 925 1970 versatur
936 1922 960 1969 in
972 1924 1047 1981 poesis

107 1991 206 2037 scenicae
216 1990 342 2051 praeceptis,
352 1998 412 2036 recte
422 1990 444 2035 h.
454 1989 470 2036 l.
478 2004 516 2035 vv.
526 1988 653 2045 275—288
664 1989 787 2035 adumbrat
798 1987 916 2034 historiam
928 1989 1047 2048 tragoedioe

107 2065 133 2101 et
144 2056 263 2101 comoediae
275 2055 370 2109 Graecae,
387 2053 471 2113 quibus
490 2054 526 2099 vei
542 2063 637 2114 propter
649 2068 684 2100 av.
695 2052 822 2107 usu-274
839 2061 988 2113 opponuntur
1001 2055 1046 2101 La·

107 2120 211 2167 tinorum
224 2120 248 2165 in
261 2119 296 2165 his
305 2119 428 2178 generibus
436 2118 528 2175 fabulae,
537 2128 560 2174 et
569 2118 665 2177 quidem
673 2133 701 2164 ex
709 2119 773 2177 J'usti
783 2118 916 2164 meritorum
926 2118 1047 2178 utriusque

108 2184 211 2231 nationis
221 2184 392 2231 existimatione
402 2184 432 2230 de
443 2183 472 2229 iis
479 2183 585 2243 judicare
596 2183 695 2230 videtur.
703 2207 736 2216 -
745 2179 865 2244 [Thespis]
884 2183 911 2227 ln
923 2182 960 2227 his
970 2183 1047 2229 omni·
1137 2193 1140 2199 '

107 2250 153 2295 bus
170 2249 261 2295 videtur
277 2250 342 2308 sequi
361 2248 505 2308 grammatici
523 2249 558 2293 vel
578 2247 681 2293 historici
698 2247 796 2306 aiicujus
812 2247 888 2292 Graeci
904 2247 1046 2306 opinionem,
1095 2247 1097 2251 ’

108 2314 155 2359 nisi
166 2314 215 2374 ipse
227 2314 344 2373 tragoedia
355 2322 379 2359 et
390 2313 508 2359 comoediae
517 2312 643 2373 primordia
651 2311 903 2370 consudia-Thespis
913 2326 955 2371 pro
965 2312 1046 2358 inven-

108 2386 160 2424 tore
177 2380 295 2436 tragoedise
306 2378 447 2431 habebatur.
480 2378 573 2423 chron„
584 2378 635 2423 Par.
646 2377 687 2434 oti,
703 2392 725 2436 p.
741 2375 796 2428 ³⁰1,
814 2376 929 2422 Boechh.:
945 2371 1000 2440 'Ao'
1016 2372 1046 2425 οὗ

108 2439 230 2499 θίσπιςὸ
247 2443 355 2500 ποιητὴς
366 2438 480 2503 [ἐφάνη]φ
496 2443 597 2503 πρῶτος
613 2439 642 2495 ὃς
659 2436 750 2492 ἐδίδαξε
766 2434 889 2503 [δρ]ᾶ[μα
905 2437 932 2486 ἐν
948 2438 1047 2503 ἇ]στ[ει

108 2504 151 2555 καί
161 2503 270 2569 Udini
283 2504 405 2570 [τ]ρτίγος
414 2503 518 2585 [ἆθλον]
529 2504 573 2565 ἔτη
582 2500 1046 2570 ΗΗΠ[ΔΔ]-ᾶρχοντοςιἊδ[ἡνηαι]

108 2605 115 2618 .
133 2606 140 2619 .
157 2605 164 2619 .
181 2572 273 2620 ,ναίον
290 2572 334 2619 τοῦ
351 2585 481 2635 προτερον.
514 2572 599 2622 ‘Quod
616 2571 646 2617 ad
661 2584 749 2616 annum
766 2572 858 2622 attinet,
873 2571 1046 2617 consistencium

108 2638 206 2683 sanein
226 2638 319 2697 Olymp.
339 2636 378 2691 61,
396 2639 491 2697 ejusque
508 2635 581 2682 tribus
598 2636 714 2694 prioribus
732 2634 816 2681 annis)
835 2636 933 2681 Bocchi.
952 2650 973 2681 a.
989 2637 1045 2683 chr.

108 2701 244 2754 uuo-ost,
255 2705 299 2747 sub
310 2701 435 2747 Pisistrato
442 2725 475 2734 -
484 2697 622 2761 [plateatris]
640 2702 712 2746 Error
722 2700 760 2745 hic
771 2710 835 2745 ortus
846 2700 937 2745 videtur
949 2714 977 2746 er
989 2715 1046 2747 oon·

106 2765 199 2813 iussione
210 2781 262 2813 cum
274 2766 310 2823 iis,
322 2782 374 2825 quse
389 2764 422 2813 τὰ
432 2762 458 2812 is
469 2767 521 2811 τῶν
537 2761 642 2827 ἁμαξῶν
653 2767 771 2811 vocabant.
800 2765 897 2810 Suidss:
915 2763 947 2810 τὰ
958 2761 1046 2813 irruis

107 2826 220 2894 ἁμαξῶν
239 2828 281 2878 brt
299 2832 350 2877 τῶν
366 2826 593 2893 ἀπαρακαλύπτως
610 2825 788 2876 σκωπτόντων·
804 2825 928 2886 Ἀθήνησί
949 2829 999 2893 γὰρ
1018 2827 1046 2876 iv

108 2895 142 2959 rp'
155 2897 207 2942 τῶν
222 2897 295 2942 Χοῶν
307 2892 379 2958 ἑορτῇ
395 2892 416 2941 oi
431 2891 586 2955 κωμάζοντος
603 2890 644 2940 ἐπί
658 2895 709 2940 τῶν
720 2890 825 2955 ἁμαξῶν
837 2892 896 2949 roric
907 2890 1045 2941 ἀπαντῦν-

107 2974 155 3017 τας
165 2957 296 3008 ἔσκωπτόν
307 2974 333 3007 τε
345 2958 386 3007 ταί
397 2952 548 3022 ἐλοιδόρουν·
556 2956 586 3005 τδ
595 2955 616 3006 δ’
628 2956 690 3005 uiri
701 2958 742 3005 ταί
754 2959 808 3015 ταῖς
815 2959 929 3015 Ληνείοις
939 2955 1046 3023 ὕστερον

107 3021 218 3071 ίποίουν.
252 3026 321 3071 Certe
339 3024 526 3083 antiquissimum
543 3038 619 3070 scenae
635 3038 709 3082 genus
725 3032 775 3069 crat
792 3038 837 3069 non
853 3024 990 3083 plaustrum,
1005 3025 1045 3070 sed

6 3146 7 3154 ρ
106 3085 181 3146 ἔλεός,
199 3084 311 3153 τράπεζα
330 3086 433 3151 ἀρχαῖα,
452 3086 487 3149 ἐφ’
505 3085 540 3145 ἣν
557 3086 605 3151 πρὸ
624 3083 743 3143 θίτπιδας
759 3082 794 3143 εἷς
812 3102 850 3143 τις
872 3084 974 3148 ἀναβὰς
993 3089 1047 3143 τοῖς

105 3154 239 3219 χορευταῖς
257 3152 419 3217 ἀπεκρίνατο.
436 3154 517 3201 Puilux
536 3154 562 3212 t,
582 3149 794 3213 lib-[sacchar
811 3149 928 3212 ora]'‘ne
948 3167 1045 3211 cognos-

106 3220 230 3266 cerentur.'
247 3220 320 3265 Schoi.
336 3234 362 3265 sc
380 3218 487 3265 similiter
502 3218 599 3264 Taetaes
616 3218 655 3264 Cr.
671 3232 692 3277 p.
705 3217 759 3271 335‘,
777 3217 815 3272 ut),
833 3213 906 3279 τρυγὶ
923 3215 1045 3280 κατακρί-

106 3296 199 3340 savrra
209 3281 295 3331 αὐτῶν
308 3281 355 3339 τὰς
364 3279 425 3339 δίας
435 3279 781 3345 Ἀγνωατορανῶς-τεᾱ
793 3282 888 3328 sortasse
900 3290 990 3327 tantum
997 3283 1045 3342 joci

105 3358 129 3395 et
140 3348 240 3395 lascivia
251 3350 329 3395 causi.
363 3349 449 3394 Verum
462 3348 511 3394 bac
522 3347 599 3407 potius
610 3347 640 3392 ad
652 3347 738 3405 primas
749 3347 869 3394 comoedia
880 3345 981 3404 origines
991 3361 1045 3407 per·

105 3413 190 3469 tinent,
208 3414 251 3459 nisi
262 3414 341 3460 omnia
353 3412 405 3459 ficta
415 3419 469 3458 sunt
480 3426 510 3462 ex
520 3426 542 3457 τ.
554 3407 688 3475 τρυγῳδία.

138 3477 195 3533 278,
204 3478 259 3532 279.
278 3474 406 3539 [persono]
420 3477 471 3523 Hoc
479 3477 600 3523 inventum
611 3476 717 3522 nonnulli
726 3476 859 3521 tribuebant
865 3476 915 3549 Jam
925 3474 1046 3535 Thespidi,

105 3549 165 3589 teste
184 3542 270 3589 Suidci:
289 3542 389 3605 πρῶτον
399 3540 453 3652 priv
471 3539 564 3603 χρίσας
584 3539 612 3587 τδ
633 3539 771 3604 πρόσωπον
789 3535 970 3601 ἐτραγῳδητεν,
993 3538 1045 3586 εἶτα

105 3601 239 3670 ἀνδράχνῃ
249 3603 386 3657 locinosset
412 3622 428 3654 ν
444 3606 480 3669 τῷ
495 3600 689 3667 ἐπιδείκνυσθαι,
702 3603 743 3653 soi
753 3602 817 3667 μετὰ
827 3605 909 3652 ταῦτα
920 3600 1046 3668 sinistrae
