<?xml version="1.0" encoding="UTF-8"?>
<!DOCTYPE html PUBLIC "-//W3C//DTD XHTML 1.0 Transitional//EN"
    "http://www.w3.org/TR/xhtml1/DTD/xhtml1-transitional.dtd">
<html xmlns="http://www.w3.org/1999/xhtml" xml:lang="en" lang="en">
 <head>
  <title>
</title>
<meta http-equiv="Content-Type" content="text/html;charset=utf-8" />
  <meta name='ocr-system' content='tesseract 3.04.00' />
  <meta name='ocr-capabilities' content='ocr_page ocr_carea ocr_par ocr_line ocrx_word'/>
</head>
<body>
  <div class='ocr_page' id='page_1' title='image "./ecloghoratianad00flacgoog_0056.png"; bbox 0 0 2442 4059; ppageno 0'>
   <div class='ocr_carea' id='block_1_1' title="bbox 183 220 848 285">
    <p class='ocr_par' dir='ltr' id='par_1_1' title="bbox 183 220 848 285">
     <span class='ocr_line' id='line_1_1' title="bbox 183 220 848 285; baseline 0.008 -5"><span class='ocrx_word' id='word_1_1' title='bbox 183 220 228 281; x_wconf 83' lang='grc'>48</span> <span class='ocrx_word' id='word_1_2' title='bbox 458 237 658 281; x_wconf 79' lang='lat' dir='ltr'>sarruunour</span> <span class='ocrx_word' id='word_1_3' title='bbox 679 238 746 282; x_wconf 78' lang='lat' dir='ltr'>urs.</span> <span class='ocrx_word' id='word_1_4' title='bbox 762 240 801 285; x_wconf 89' lang='lat'>11.</span> <span class='ocrx_word' id='word_1_5' title='bbox 817 224 848 285; x_wconf 88' lang='grc'>7.</span> 
     </span>
    </p>
   </div>
   <div class='ocr_carea' id='block_1_2' title="bbox 185 386 1123 1229">
    <p class='ocr_par' dir='ltr' id='par_1_2' title="bbox 186 386 1007 563">
     <span class='ocr_line' id='line_1_2' title="bbox 186 386 953 478; baseline 0.007 -26"><span class='ocrx_word' id='word_1_6' title='bbox 186 386 420 473; x_wconf 88' lang='lat' dir='ltr'>Continuatque</span> <span class='ocrx_word' id='word_1_7' title='bbox 435 389 538 475; x_wconf 88' lang='lat' dir='ltr'>dapes,</span> <span class='ocrx_word' id='word_1_8' title='bbox 556 413 689 455; x_wconf 90' lang='lat' dir='ltr'>necnon</span> <span class='ocrx_word' id='word_1_9' title='bbox 706 391 864 456; x_wconf 80' lang='lat' dir='ltr'>verniliter</span> <span class='ocrx_word' id='word_1_10' title='bbox 879 391 953 478; x_wconf 90' lang='lat' dir='ltr'>ipsis</span> 
     </span>
     <span class='ocr_line' id='line_1_3' title="bbox 187 473 1007 563; baseline 0.01 -27"><span class='ocrx_word' id='word_1_11' title='bbox 187 473 342 559; x_wconf 83' lang='lat' dir='ltr'>Fungitur</span> <span class='ocrx_word' id='word_1_12' title='bbox 357 475 472 551; x_wconf 69' lang='lat' dir='ltr'>officiis</span> <span class='ocrx_word' id='word_1_13' title='bbox 489 477 691 561; x_wconf 73' lang='lat' dir='ltr'>praelambens</span> <span class='ocrx_word' id='word_1_14' title='bbox 706 500 797 541; x_wconf 92' lang='lat' dir='ltr'>omne</span> <span class='ocrx_word' id='word_1_15' title='bbox 812 479 894 563; x_wconf 94' lang='lat' dir='ltr'>quod</span> <span class='ocrx_word' id='word_1_16' title='bbox 910 479 1007 544; x_wconf 84' lang='lat' dir='ltr'>affert.</span> 
     </span>
    </p>

    <p class='ocr_par' dir='ltr' id='par_1_3' title="bbox 185 560 1123 820">
     <span class='ocr_line' id='line_1_4' title="bbox 185 560 1123 648; baseline 0.009 -26"><span class='ocrx_word' id='word_1_17' title='bbox 185 560 245 623; x_wconf 89' lang='lat' dir='ltr'>lile</span> <span class='ocrx_word' id='word_1_18' title='bbox 260 561 374 624; x_wconf 91' lang='lat' dir='ltr'>cubans</span> <span class='ocrx_word' id='word_1_19' title='bbox 389 560 503 645; x_wconf 83' lang='lat' dir='ltr'>gaudet</span> <span class='ocrx_word' id='word_1_20' title='bbox 519 563 635 627; x_wconf 76' lang='lat' dir='ltr'>mutati</span> <span class='ocrx_word' id='word_1_21' title='bbox 651 575 742 640; x_wconf 80' lang='lat' dir='ltr'><strong>sorte,</strong></span> <span class='ocrx_word' id='word_1_22' title='bbox 760 564 910 648; x_wconf 86' lang='lat' dir='ltr'>bonisque</span> <span class='ocrx_word' id='word_1_23' title='bbox 1063 570 1123 630; x_wconf 87' lang='lat' dir='ltr'>llo</span> 
     </span>
     <span class='ocr_line' id='line_1_5' title="bbox 187 644 1047 737; baseline 0.009 -30"><span class='ocrx_word' id='word_1_24' title='bbox 187 644 294 709; x_wconf 88' lang='lat' dir='ltr'>Rebus</span> <span class='ocrx_word' id='word_1_25' title='bbox 308 645 374 731; x_wconf 86' lang='lat' dir='ltr'>agit</span> <span class='ocrx_word' id='word_1_26' title='bbox 389 647 492 710; x_wconf 86' lang='lat' dir='ltr'>laetum</span> <span class='ocrx_word' id='word_1_27' title='bbox 508 648 685 725; x_wconf 75' lang='lat' dir='ltr'>convivam:</span> <span class='ocrx_word' id='word_1_28' title='bbox 708 672 803 733; x_wconf 91' lang='lat' dir='ltr'>quum</span> <span class='ocrx_word' id='word_1_29' title='bbox 818 649 920 714; x_wconf 89' lang='lat' dir='ltr'>subito</span> <span class='ocrx_word' id='word_1_30' title='bbox 935 652 1047 737; x_wconf 83' lang='lat' dir='ltr'>iugens</span> 
     </span>
     <span class='ocr_line' id='line_1_6' title="bbox 185 730 957 820; baseline 0.009 -28"><span class='ocrx_word' id='word_1_31' title='bbox 185 730 351 795; x_wconf 86' lang='lat' dir='ltr'>Valvarum</span> <span class='ocrx_word' id='word_1_32' title='bbox 367 733 513 818; x_wconf 83' lang='lat' dir='ltr'>strepitus</span> <span class='ocrx_word' id='word_1_33' title='bbox 529 734 617 798; x_wconf 89' lang='lat' dir='ltr'>lectis</span> <span class='ocrx_word' id='word_1_34' title='bbox 632 734 767 799; x_wconf 85' lang='lat' dir='ltr'>excussit</span> <span class='ocrx_word' id='word_1_35' title='bbox 783 748 957 820; x_wconf 90' lang='lat' dir='ltr'>utrumque.</span> 
     </span>
    </p>

    <p class='ocr_par' dir='ltr' id='par_1_4' title="bbox 185 816 1121 1165">
     <span class='ocr_line' id='line_1_7' title="bbox 186 816 969 907; baseline 0.009 -29"><span class='ocrx_word' id='word_1_36' title='bbox 186 816 320 880; x_wconf 84' lang='lat' dir='ltr'><strong>Currere</strong></span> <span class='ocrx_word' id='word_1_37' title='bbox 337 840 390 901; x_wconf 93' lang='lat' dir='ltr'>per</span> <span class='ocrx_word' id='word_1_38' title='bbox 406 830 504 883; x_wconf 90' lang='lat' dir='ltr'>totum</span> <span class='ocrx_word' id='word_1_39' title='bbox 520 820 621 904; x_wconf 89' lang='lat' dir='ltr'>pavidi</span> <span class='ocrx_word' id='word_1_40' title='bbox 638 820 791 897; x_wconf 88' lang='lat' dir='ltr'>conclave,</span> <span class='ocrx_word' id='word_1_41' title='bbox 808 822 969 907; x_wconf 84' lang='lat' dir='ltr'><strong>magisque</strong></span> 
     </span>
     <span class='ocr_line' id='line_1_8' title="bbox 185 901 1000 989; baseline 0.009 -25"><span class='ocrx_word' id='word_1_42' title='bbox 185 901 355 967; x_wconf 84' lang='lat' dir='ltr'><strong>Exanimes</strong></span> <span class='ocrx_word' id='word_1_43' title='bbox 370 906 532 989; x_wconf 88' lang='lat' dir='ltr'>trepidare,</span> <span class='ocrx_word' id='word_1_44' title='bbox 547 906 638 970; x_wconf 90' lang='lat' dir='ltr'>simul</span> <span class='ocrx_word' id='word_1_45' title='bbox 654 907 762 970; x_wconf 90' lang='lat' dir='ltr'>domus</span> <span class='ocrx_word' id='word_1_46' title='bbox 777 907 838 971; x_wconf 85' lang='lat' dir='ltr'>alta</span> <span class='ocrx_word' id='word_1_47' title='bbox 857 906 1000 971; x_wconf 89' lang='lat' dir='ltr'>Molossis</span> 
     </span>
     <span class='ocr_line' id='line_1_9' title="bbox 186 988 1121 1070; baseline 0.009 -19"><span class='ocrx_word' id='word_1_48' title='bbox 186 988 351 1053; x_wconf 87' lang='lat' dir='ltr'>Personuit</span> <span class='ocrx_word' id='word_1_49' title='bbox 361 990 497 1055; x_wconf 89' lang='lat' dir='ltr'>canibus.</span> <span class='ocrx_word' id='word_1_50' title='bbox 521 992 605 1055; x_wconf 88' lang='lat' dir='ltr'>Tum</span> <span class='ocrx_word' id='word_1_51' title='bbox 615 994 755 1070; x_wconf 87' lang='lat' dir='ltr'>rusticus,</span> <span class='ocrx_word' id='word_1_52' title='bbox 770 993 863 1056; x_wconf 87' lang='lat' dir='ltr'>Haud</span> <span class='ocrx_word' id='word_1_53' title='bbox 879 994 955 1056; x_wconf 91' lang='lat' dir='ltr'>mihi</span> <span class='ocrx_word' id='word_1_54' title='bbox 965 994 1029 1060; x_wconf 77' lang='lat' dir='ltr'>vita</span> <span class='ocrx_word' id='word_1_55' title='bbox 1062 998 1121 1059; x_wconf 87' lang='grc'>115</span> 
     </span>
     <span class='ocr_line' id='line_1_10' title="bbox 186 1073 1001 1165; baseline 0.007 -28"><span class='ocrx_word' id='word_1_56' title='bbox 186 1073 243 1138; x_wconf 87' lang='lat' dir='ltr'>Est</span> <span class='ocrx_word' id='word_1_57' title='bbox 258 1098 334 1160; x_wconf 93' lang='lat' dir='ltr'>opus</span> <span class='ocrx_word' id='word_1_58' title='bbox 350 1076 416 1157; x_wconf 88' lang='lat' dir='ltr'>hac,</span> <span class='ocrx_word' id='word_1_59' title='bbox 431 1076 482 1152; x_wconf 89' lang='lat' dir='ltr'>ait,</span> <span class='ocrx_word' id='word_1_60' title='bbox 500 1089 532 1141; x_wconf 90' lang='lat' dir='ltr'>et</span> <span class='ocrx_word' id='word_1_61' title='bbox 545 1077 666 1142; x_wconf 86' lang='lat' dir='ltr'>valeas:</span> <span class='ocrx_word' id='word_1_62' title='bbox 690 1099 740 1141; x_wconf 91' lang='lat' dir='ltr'>me</span> <span class='ocrx_word' id='word_1_63' title='bbox 756 1078 832 1143; x_wconf 89' lang='lat' dir='ltr'>silva</span> <span class='ocrx_word' id='word_1_64' title='bbox 846 1101 1001 1165; x_wconf 81' lang='lat' dir='ltr'>carusque</span> 
     </span>
    </p>

    <p class='ocr_par' dir='ltr' id='par_1_5' title="bbox 185 1159 836 1229">
     <span class='ocr_line' id='line_1_11' title="bbox 185 1159 836 1229; baseline 0.008 -6"><span class='ocrx_word' id='word_1_65' title='bbox 185 1159 288 1225; x_wconf 86' lang='lat' dir='ltr'>Tutus</span> <span class='ocrx_word' id='word_1_66' title='bbox 302 1162 341 1225; x_wconf 94' lang='lat' dir='ltr'>ab</span> <span class='ocrx_word' id='word_1_67' title='bbox 356 1161 476 1227; x_wconf 87' lang='lat' dir='ltr'>insidiis</span> <span class='ocrx_word' id='word_1_68' title='bbox 491 1163 577 1227; x_wconf 89' lang='lat' dir='ltr'>tenui</span> <span class='ocrx_word' id='word_1_69' title='bbox 592 1163 740 1228; x_wconf 81' lang='lat' dir='ltr'>solabitur</span> <span class='ocrx_word' id='word_1_70' title='bbox 755 1187 836 1229; x_wconf 83' lang='lat' dir='ltr'>ervo.</span> 
     </span>
    </p>
   </div>
   <div class='ocr_carea' id='block_1_3' title="bbox 545 1380 766 1397">
    <p class='ocr_par' dir='ltr' id='par_1_6' title="bbox 545 1380 766 1397">
     <span class='ocr_line' id='line_1_12' title="bbox 545 1380 766 1397; baseline 0 0"><span class='ocrx_word' id='word_1_71' title='bbox 545 1380 766 1397; x_wconf 38' lang='grc' dir='ltr'>*ἦ</span> 
     </span>
    </p>
   </div>
   <div class='ocr_carea' id='block_1_4' title="bbox 550 1532 753 1575">
    <p class='ocr_par' dir='ltr' id='par_1_7' title="bbox 550 1532 753 1575">
     <span class='ocr_line' id='line_1_13' title="bbox 550 1532 753 1575; baseline 0.005 -1"><span class='ocrx_word' id='word_1_72' title='bbox 550 1532 673 1574; x_wconf 79' lang='lat' dir='ltr'>SATIRA</span> <span class='ocrx_word' id='word_1_73' title='bbox 693 1533 753 1575; x_wconf 82' lang='lat' dir='ltr'><strong>vll.</strong></span> 
     </span>
    </p>
   </div>
   <div class='ocr_carea' id='block_1_5' title="bbox 182 1660 1123 3552">
    <p class='ocr_par' dir='ltr' id='par_1_8' title="bbox 183 1660 1035 1746">
     <span class='ocr_line' id='line_1_14' title="bbox 183 1660 1035 1746; baseline -0.001 -17"><span class='ocrx_word' id='word_1_74' title='bbox 183 1662 370 1729; x_wconf 91' lang='lat' dir='ltr'>Jamdudum</span> <span class='ocrx_word' id='word_1_75' title='bbox 384 1662 532 1738; x_wconf 86' lang='lat' dir='ltr'>ausculto,</span> <span class='ocrx_word' id='word_1_76' title='bbox 550 1673 582 1725; x_wconf 95' lang='lat' dir='ltr'>et</span> <span class='ocrx_word' id='word_1_77' title='bbox 596 1660 724 1746; x_wconf 89' lang='lat' dir='ltr'>cupiens</span> <span class='ocrx_word' id='word_1_78' title='bbox 740 1660 796 1725; x_wconf 87' lang='lat' dir='ltr'>tibi</span> <span class='ocrx_word' id='word_1_79' title='bbox 811 1661 914 1726; x_wconf 82' lang='lat' dir='ltr'><strong>dicere</strong></span> <span class='ocrx_word' id='word_1_80' title='bbox 928 1686 1035 1729; x_wconf 87' lang='lat' dir='ltr'>servus</span> 
     </span>
    </p>

    <p class='ocr_par' dir='ltr' id='par_1_9' title="bbox 185 1746 1122 1828">
     <span class='ocr_line' id='line_1_15' title="bbox 185 1746 1122 1828; baseline 0.001 -15"><span class='ocrx_word' id='word_1_81' title='bbox 185 1750 298 1828; x_wconf 88' lang='lat' dir='ltr'>Pauca,</span> <span class='ocrx_word' id='word_1_82' title='bbox 314 1748 487 1813; x_wconf 90' lang='lat' dir='ltr'>reformido.</span> <span class='ocrx_word' id='word_1_83' title='bbox 519 1746 730 1811; x_wconf 87' lang='lat' dir='ltr'>‘Davusue?&#39;</span> <span class='ocrx_word' id='word_1_84' title='bbox 761 1747 817 1811; x_wconf 81' lang='lat' dir='ltr'>lta</span> <span class='ocrx_word' id='word_1_85' title='bbox 853 1749 972 1826; x_wconf 86' lang='lat' dir='ltr'>Davus,</span> <span class='ocrx_word' id='word_1_86' title='bbox 987 1750 1122 1814; x_wconf 86' lang='lat' dir='ltr'>amicum</span> 
     </span>
    </p>

    <p class='ocr_par' dir='ltr' id='par_1_10' title="bbox 185 1832 1096 1919">
     <span class='ocr_line' id='line_1_16' title="bbox 185 1832 1096 1919; baseline 0.001 -20"><span class='ocrx_word' id='word_1_87' title='bbox 185 1834 379 1919; x_wconf 89' lang='lat' dir='ltr'>Mancipium</span> <span class='ocrx_word' id='word_1_88' title='bbox 394 1835 528 1910; x_wconf 90' lang='lat' dir='ltr'>domino,</span> <span class='ocrx_word' id='word_1_89' title='bbox 545 1846 576 1897; x_wconf 89' lang='lat' dir='ltr'>et</span> <span class='ocrx_word' id='word_1_90' title='bbox 591 1832 685 1918; x_wconf 85' lang='lat' dir='ltr'><strong>frugi,</strong></span> <span class='ocrx_word' id='word_1_91' title='bbox 702 1833 784 1917; x_wconf 92' lang='lat' dir='ltr'>quod</span> <span class='ocrx_word' id='word_1_92' title='bbox 799 1832 839 1898; x_wconf 89' lang='lat' dir='ltr'>sit</span> <span class='ocrx_word' id='word_1_93' title='bbox 853 1835 942 1911; x_wconf 84' lang='lat' dir='ltr'>satis3</span> <span class='ocrx_word' id='word_1_94' title='bbox 965 1837 1024 1899; x_wconf 88' lang='lat' dir='ltr'>hoc</span> <span class='ocrx_word' id='word_1_95' title='bbox 1038 1851 1096 1914; x_wconf 83' lang='lat' dir='ltr'>est,</span> 
     </span>
    </p>

    <p class='ocr_par' dir='ltr' id='par_1_11' title="bbox 184 1919 953 2006">
     <span class='ocr_line' id='line_1_17' title="bbox 184 1919 953 2006; baseline -0.004 -20"><span class='ocrx_word' id='word_1_96' title='bbox 184 1921 232 1987; x_wconf 92' lang='lat' dir='ltr'>Ut</span> <span class='ocrx_word' id='word_1_97' title='bbox 248 1922 338 1985; x_wconf 90' lang='lat' dir='ltr'>vitale</span> <span class='ocrx_word' id='word_1_98' title='bbox 355 1932 452 2006; x_wconf 88' lang='lat' dir='ltr'>putes.</span> <span class='ocrx_word' id='word_1_99' title='bbox 497 1920 598 2005; x_wconf 60' lang='lat' dir='ltr'>‘Aga</span> <span class='ocrx_word' id='word_1_100' title='bbox 615 1919 756 1983; x_wconf 87' lang='lat' dir='ltr'>libertate</span> <span class='ocrx_word' id='word_1_101' title='bbox 773 1920 953 1996; x_wconf 87' lang='lat' dir='ltr'>Decembri,</span> 
     </span>
    </p>

    <p class='ocr_par' dir='ltr' id='par_1_12' title="bbox 185 2004 1121 2091">
     <span class='ocr_line' id='line_1_18' title="bbox 185 2004 1121 2091; baseline 0 -20"><span class='ocrx_word' id='word_1_102' title='bbox 185 2006 319 2082; x_wconf 84' lang='lat' dir='ltr'>Quando</span> <span class='ocrx_word' id='word_1_103' title='bbox 334 2008 378 2071; x_wconf 87' lang='lat' dir='ltr'>ita</span> <span class='ocrx_word' id='word_1_104' title='bbox 393 2006 521 2091; x_wconf 88' lang='lat' dir='ltr'>majores</span> <span class='ocrx_word' id='word_1_105' title='bbox 538 2004 711 2082; x_wconf 85' lang='lat' dir='ltr'>voluerunt,</span> <span class='ocrx_word' id='word_1_106' title='bbox 728 2017 832 2069; x_wconf 89' lang='lat' dir='ltr'>utere:</span> <span class='ocrx_word' id='word_1_107' title='bbox 856 2009 965 2071; x_wconf 70' lang='lat' dir='ltr'>narra!</span> <span class='ocrx_word' id='word_1_108' title='bbox 1101 2013 1121 2071; x_wconf 72' lang='grc' dir='ltr'><strong>ὅ</strong></span> 
     </span>
    </p>

    <p class='ocr_par' dir='ltr' id='par_1_13' title="bbox 185 2089 1017 2179">
     <span class='ocr_line' id='line_1_19' title="bbox 185 2089 1017 2179; baseline 0.001 -24"><span class='ocrx_word' id='word_1_109' title='bbox 185 2093 260 2158; x_wconf 91' lang='lat' dir='ltr'>Pars</span> <span class='ocrx_word' id='word_1_110' title='bbox 275 2093 433 2157; x_wconf 89' lang='lat' dir='ltr'>hominum</span> <span class='ocrx_word' id='word_1_111' title='bbox 450 2090 531 2155; x_wconf 91' lang='lat' dir='ltr'>vitiis</span> <span class='ocrx_word' id='word_1_112' title='bbox 546 2089 662 2176; x_wconf 84' lang='lat' dir='ltr'>gaudet</span> <span class='ocrx_word' id='word_1_113' title='bbox 676 2103 862 2167; x_wconf 85' lang='lat' dir='ltr'><strong>constanter,</strong></span> <span class='ocrx_word' id='word_1_114' title='bbox 878 2104 911 2156; x_wconf 93' lang='lat' dir='ltr'>et</span> <span class='ocrx_word' id='word_1_115' title='bbox 926 2105 1017 2179; x_wconf 84' lang='lat' dir='ltr'>urget</span> 
     </span>
    </p>

    <p class='ocr_par' dir='ltr' id='par_1_14' title="bbox 184 2177 1107 2266">
     <span class='ocr_line' id='line_1_20' title="bbox 184 2177 1107 2266; baseline -0.001 -22"><span class='ocrx_word' id='word_1_116' title='bbox 184 2178 400 2266; x_wconf 85' lang='lat' dir='ltr'>Propositum:</span> <span class='ocrx_word' id='word_1_117' title='bbox 424 2200 493 2264; x_wconf 91' lang='lat' dir='ltr'>pars</span> <span class='ocrx_word' id='word_1_118' title='bbox 509 2177 605 2240; x_wconf 83' lang='lat' dir='ltr'>multe</span> <span class='ocrx_word' id='word_1_119' title='bbox 619 2188 714 2252; x_wconf 87' lang='lat' dir='ltr'>natat,</span> <span class='ocrx_word' id='word_1_120' title='bbox 730 2177 821 2241; x_wconf 90' lang='lat' dir='ltr'>modo</span> <span class='ocrx_word' id='word_1_121' title='bbox 836 2192 920 2242; x_wconf 86' lang='lat' dir='ltr'>recta</span> <span class='ocrx_word' id='word_1_122' title='bbox 933 2201 1107 2265; x_wconf 88' lang='lat' dir='ltr'>capesseus,</span> 
     </span>
    </p>

    <p class='ocr_par' dir='ltr' id='par_1_15' title="bbox 183 2262 891 2350">
     <span class='ocr_line' id='line_1_21' title="bbox 183 2262 891 2350; baseline -0.001 -22"><span class='ocrx_word' id='word_1_123' title='bbox 183 2265 343 2330; x_wconf 84' lang='lat' dir='ltr'>Interdum</span> <span class='ocrx_word' id='word_1_124' title='bbox 360 2265 460 2350; x_wconf 89' lang='lat' dir='ltr'>pravis</span> <span class='ocrx_word' id='word_1_125' title='bbox 475 2262 616 2328; x_wconf 78' lang='lat' dir='ltr'>obnoxia.</span> <span class='ocrx_word' id='word_1_126' title='bbox 663 2263 753 2346; x_wconf 89' lang='lat' dir='ltr'>Saepe</span> <span class='ocrx_word' id='word_1_127' title='bbox 769 2274 891 2327; x_wconf 85' lang='lat' dir='ltr'>notatus</span> 
     </span>
    </p>

    <p class='ocr_par' dir='ltr' id='par_1_16' title="bbox 184 2348 983 2425">
     <span class='ocr_line' id='line_1_22' title="bbox 184 2348 983 2425; baseline 0.001 -11"><span class='ocrx_word' id='word_1_128' title='bbox 184 2351 265 2415; x_wconf 88' lang='lat' dir='ltr'>Cum</span> <span class='ocrx_word' id='word_1_129' title='bbox 281 2353 377 2416; x_wconf 90' lang='lat' dir='ltr'>tribus</span> <span class='ocrx_word' id='word_1_130' title='bbox 391 2348 531 2425; x_wconf 88' lang='lat' dir='ltr'>anuellis‚</span> <span class='ocrx_word' id='word_1_131' title='bbox 549 2348 640 2413; x_wconf 92' lang='lat' dir='ltr'>modo</span> <span class='ocrx_word' id='word_1_132' title='bbox 655 2348 734 2414; x_wconf 73' lang='lat' dir='ltr'>leva</span> <span class='ocrx_word' id='word_1_133' title='bbox 750 2348 873 2413; x_wconf 86' lang='lat' dir='ltr'>Priscus</span> <span class='ocrx_word' id='word_1_134' title='bbox 888 2349 983 2415; x_wconf 84' lang='lat' dir='ltr'>inani.</span> 
     </span>
    </p>

    <p class='ocr_par' dir='ltr' id='par_1_17' title="bbox 182 2433 1123 2522">
     <span class='ocr_line' id='line_1_23' title="bbox 182 2433 1123 2522; baseline 0.003 -24"><span class='ocrx_word' id='word_1_135' title='bbox 182 2437 271 2502; x_wconf 84' lang='lat' dir='ltr'>Vixit</span> <span class='ocrx_word' id='word_1_136' title='bbox 286 2436 454 2522; x_wconf 84' lang='lat' dir='ltr'>inaequalis,</span> <span class='ocrx_word' id='word_1_137' title='bbox 471 2436 589 2499; x_wconf 88' lang='lat' dir='ltr'>clavum</span> <span class='ocrx_word' id='word_1_138' title='bbox 606 2447 641 2499; x_wconf 89' lang='lat' dir='ltr'>ut</span> <span class='ocrx_word' id='word_1_139' title='bbox 656 2449 788 2499; x_wconf 79' lang='lat' dir='ltr'>mutaret</span> <span class='ocrx_word' id='word_1_140' title='bbox 803 2433 835 2497; x_wconf 92' lang='lat' dir='ltr'>iu</span> <span class='ocrx_word' id='word_1_141' title='bbox 851 2434 956 2512; x_wconf 84' lang='lat' dir='ltr'>horas3</span> <span class='ocrx_word' id='word_1_142' title='bbox 1084 2443 1123 2501; x_wconf 88' lang='grc'><strong>10</strong></span> 
     </span>
    </p>

    <p class='ocr_par' dir='ltr' id='par_1_18' title="bbox 183 2519 943 2608">
     <span class='ocr_line' id='line_1_24' title="bbox 183 2519 943 2608; baseline -0.001 -21"><span class='ocrx_word' id='word_1_143' title='bbox 183 2522 318 2587; x_wconf 84' lang='lat' dir='ltr'>AEdibus</span> <span class='ocrx_word' id='word_1_144' title='bbox 334 2546 374 2587; x_wconf 86' lang='lat' dir='ltr'>ex</span> <span class='ocrx_word' id='word_1_145' title='bbox 389 2522 508 2608; x_wconf 85' lang='lat' dir='ltr'>magnis</span> <span class='ocrx_word' id='word_1_146' title='bbox 522 2522 625 2585; x_wconf 90' lang='lat' dir='ltr'>subito</span> <span class='ocrx_word' id='word_1_147' title='bbox 640 2544 672 2584; x_wconf 88' lang='lat' dir='ltr'>se</span> <span class='ocrx_word' id='word_1_148' title='bbox 688 2519 843 2599; x_wconf 89' lang='lat' dir='ltr'>conderet,</span> <span class='ocrx_word' id='word_1_149' title='bbox 861 2521 943 2586; x_wconf 90' lang='lat' dir='ltr'>uude</span> 
     </span>
    </p>

    <p class='ocr_par' dir='ltr' id='par_1_19' title="bbox 184 2606 857 2674">
     <span class='ocr_line' id='line_1_25' title="bbox 184 2606 857 2674; baseline -0.001 -2"><span class='ocrx_word' id='word_1_150' title='bbox 184 2609 334 2674; x_wconf 92' lang='lat' dir='ltr'>Mundior</span> <span class='ocrx_word' id='word_1_151' title='bbox 349 2608 449 2672; x_wconf 83' lang='lat' dir='ltr'>exiret</span> <span class='ocrx_word' id='word_1_152' title='bbox 464 2608 516 2670; x_wconf 79' lang='lat' dir='ltr'>viu</span> <span class='ocrx_word' id='word_1_153' title='bbox 531 2606 693 2670; x_wconf 89' lang='lat' dir='ltr'>libertinus</span> <span class='ocrx_word' id='word_1_154' title='bbox 709 2606 857 2671; x_wconf 81' lang='lat' dir='ltr'>honeste:</span> 
     </span>
    </p>

    <p class='ocr_par' dir='ltr' id='par_1_20' title="bbox 185 2692 1003 2781">
     <span class='ocr_line' id='line_1_26' title="bbox 185 2692 1003 2781; baseline 0.002 -24"><span class='ocrx_word' id='word_1_155' title='bbox 185 2694 297 2759; x_wconf 86' lang='lat' dir='ltr'>Scurra</span> <span class='ocrx_word' id='word_1_156' title='bbox 312 2694 504 2770; x_wconf 89' lang='lat' dir='ltr'>Volanerius,</span> <span class='ocrx_word' id='word_1_157' title='bbox 522 2705 684 2778; x_wconf 88' lang='lat' dir='ltr'>postquam</span> <span class='ocrx_word' id='word_1_158' title='bbox 699 2692 744 2755; x_wconf 92' lang='lat' dir='ltr'>illi</span> <span class='ocrx_word' id='word_1_159' title='bbox 755 2694 840 2777; x_wconf 89' lang='lat' dir='ltr'>justa</span> <span class='ocrx_word' id='word_1_160' title='bbox 854 2692 1003 2781; x_wconf 82' lang='lat' dir='ltr'><strong>cheragra</strong></span> 
     </span>
    </p>

    <p class='ocr_par' dir='ltr' id='par_1_21' title="bbox 185 2778 938 2864">
     <span class='ocr_line' id='line_1_27' title="bbox 185 2778 938 2864; baseline 0 -21"><span class='ocrx_word' id='word_1_161' title='bbox 185 2780 335 2845; x_wconf 88' lang='lat' dir='ltr'>Contudit</span> <span class='ocrx_word' id='word_1_162' title='bbox 349 2779 501 2856; x_wconf 88' lang='lat' dir='ltr'>articulos,</span> <span class='ocrx_word' id='word_1_163' title='bbox 518 2778 572 2863; x_wconf 93' lang='lat' dir='ltr'>qui</span> <span class='ocrx_word' id='word_1_164' title='bbox 588 2801 643 2864; x_wconf 88' lang='lat' dir='ltr'>pro</span> <span class='ocrx_word' id='word_1_165' title='bbox 658 2801 691 2842; x_wconf 92' lang='lat' dir='ltr'>se</span> <span class='ocrx_word' id='word_1_166' title='bbox 707 2778 830 2842; x_wconf 87' lang='lat' dir='ltr'>tolleret</span> <span class='ocrx_word' id='word_1_167' title='bbox 843 2791 938 2864; x_wconf 88' lang='lat' dir='ltr'>atque</span> 
     </span>
    </p>

    <p class='ocr_par' dir='ltr' id='par_1_22' title="bbox 184 2864 1121 2951">
     <span class='ocr_line' id='line_1_28' title="bbox 184 2864 1121 2951; baseline 0 -22"><span class='ocrx_word' id='word_1_168' title='bbox 184 2866 330 2931; x_wconf 87' lang='lat' dir='ltr'>Mitteret</span> <span class='ocrx_word' id='word_1_169' title='bbox 343 2867 375 2928; x_wconf 92' lang='lat' dir='ltr'>in</span> <span class='ocrx_word' id='word_1_170' title='bbox 391 2866 529 2951; x_wconf 91' lang='lat' dir='ltr'>phimum</span> <span class='ocrx_word' id='word_1_171' title='bbox 546 2865 632 2941; x_wconf 87' lang='lat' dir='ltr'>talos,</span> <span class='ocrx_word' id='word_1_172' title='bbox 648 2864 790 2928; x_wconf 90' lang='lat' dir='ltr'>mercede</span> <span class='ocrx_word' id='word_1_173' title='bbox 805 2864 915 2929; x_wconf 73' lang='lat' dir='ltr'>diurnis</span> <span class='ocrx_word' id='word_1_174' title='bbox 1085 2869 1121 2929; x_wconf 88' lang='grc'><strong>15</strong></span> 
     </span>
    </p>

    <p class='ocr_par' dir='ltr' id='par_1_23' title="bbox 184 2949 937 3037">
     <span class='ocr_line' id='line_1_29' title="bbox 184 2949 937 3037; baseline -0.003 -22"><span class='ocrx_word' id='word_1_175' title='bbox 184 2952 380 3017; x_wconf 89' lang='lat' dir='ltr'>Conductum</span> <span class='ocrx_word' id='word_1_176' title='bbox 395 2952 497 3037; x_wconf 86' lang='lat' dir='ltr'>parit:</span> <span class='ocrx_word' id='word_1_177' title='bbox 521 2963 638 3036; x_wconf 89' lang='lat' dir='ltr'>quanto</span> <span class='ocrx_word' id='word_1_178' title='bbox 653 2949 840 3014; x_wconf 88' lang='lat' dir='ltr'>constantior</span> <span class='ocrx_word' id='word_1_179' title='bbox 854 2950 937 3015; x_wconf 90' lang='lat' dir='ltr'>idem</span> 
     </span>
    </p>

    <p class='ocr_par' dir='ltr' id='par_1_24' title="bbox 183 3036 878 3121">
     <span class='ocr_line' id='line_1_30' title="bbox 183 3036 878 3121; baseline -0.004 -20"><span class='ocrx_word' id='word_1_180' title='bbox 183 3038 221 3103; x_wconf 91' lang='lat' dir='ltr'>ln</span> <span class='ocrx_word' id='word_1_181' title='bbox 237 3038 330 3115; x_wconf 90' lang='lat' dir='ltr'>vitiis,</span> <span class='ocrx_word' id='word_1_182' title='bbox 347 3050 432 3103; x_wconf 91' lang='lat' dir='ltr'>tanto</span> <span class='ocrx_word' id='word_1_183' title='bbox 447 3037 545 3101; x_wconf 85' lang='lat' dir='ltr'>levius</span> <span class='ocrx_word' id='word_1_184' title='bbox 561 3038 703 3101; x_wconf 83' lang='lat' dir='ltr'>miserae</span> <span class='ocrx_word' id='word_1_185' title='bbox 718 3036 800 3121; x_wconf 87' lang='lat' dir='ltr'>prior</span> <span class='ocrx_word' id='word_1_186' title='bbox 815 3036 878 3113; x_wconf 91' lang='lat' dir='ltr'>illo,</span> 
     </span>
    </p>

    <p class='ocr_par' dir='ltr' id='par_1_25' title="bbox 183 3121 889 3210">
     <span class='ocr_line' id='line_1_31' title="bbox 183 3121 889 3210; baseline -0.004 -21"><span class='ocrx_word' id='word_1_187' title='bbox 183 3126 249 3202; x_wconf 85' lang='lat' dir='ltr'>Qui</span> <span class='ocrx_word' id='word_1_188' title='bbox 258 3126 324 3210; x_wconf 86' lang='lat' dir='ltr'>jam</span> <span class='ocrx_word' id='word_1_189' title='bbox 341 3135 495 3200; x_wconf 89' lang='lat' dir='ltr'>contento,</span> <span class='ocrx_word' id='word_1_190' title='bbox 507 3125 573 3208; x_wconf 88' lang='lat' dir='ltr'>jam</span> <span class='ocrx_word' id='word_1_191' title='bbox 588 3121 659 3187; x_wconf 86' lang='lat' dir='ltr'>laxo</span> <span class='ocrx_word' id='word_1_192' title='bbox 672 3121 747 3186; x_wconf 90' lang='lat' dir='ltr'>fune</span> <span class='ocrx_word' id='word_1_193' title='bbox 761 3122 889 3187; x_wconf 81' lang='lat' dir='ltr'>&#39;laborat</span> 
     </span>
    </p>

    <p class='ocr_par' dir='ltr' id='par_1_26' title="bbox 183 3206 1088 3294">
     <span class='ocr_line' id='line_1_32' title="bbox 183 3206 1088 3294; baseline -0.007 -17"><span class='ocrx_word' id='word_1_194' title='bbox 183 3212 277 3277; x_wconf 90' lang='lat' dir='ltr'>‘Non</span> <span class='ocrx_word' id='word_1_195' title='bbox 293 3209 376 3273; x_wconf 91' lang='lat' dir='ltr'>dices</span> <span class='ocrx_word' id='word_1_196' title='bbox 391 3208 492 3285; x_wconf 90' lang='lat' dir='ltr'>hodie,</span> <span class='ocrx_word' id='word_1_197' title='bbox 509 3230 654 3294; x_wconf 86' lang='lat' dir='ltr'>quorsum</span> <span class='ocrx_word' id='word_1_198' title='bbox 669 3207 736 3273; x_wconf 85' lang='lat' dir='ltr'>haec</span> <span class='ocrx_word' id='word_1_199' title='bbox 750 3220 812 3273; x_wconf 84' lang='lat' dir='ltr'>taur</span> <span class='ocrx_word' id='word_1_200' title='bbox 828 3206 933 3293; x_wconf 88' lang='lat' dir='ltr'>putida</span> <span class='ocrx_word' id='word_1_201' title='bbox 948 3207 1088 3285; x_wconf 82' lang='lat' dir='ltr'>tendant,</span> 
     </span>
    </p>

    <p class='ocr_par' dir='ltr' id='par_1_27' title="bbox 184 3291 1122 3449">
     <span class='ocr_line' id='line_1_33' title="bbox 184 3291 1121 3380; baseline -0.004 -16"><span class='ocrx_word' id='word_1_202' title='bbox 184 3293 359 3363; x_wconf 75' lang='lat' dir='ltr'>Furciferi‘</span> <span class='ocrx_word' id='word_1_203' title='bbox 403 3295 455 3359; x_wconf 81' lang='lat' dir='ltr'>Ad</span> <span class='ocrx_word' id='word_1_204' title='bbox 477 3308 519 3371; x_wconf 90' lang='lat' dir='ltr'>te,</span> <span class='ocrx_word' id='word_1_205' title='bbox 541 3294 677 3379; x_wconf 88' lang='lat' dir='ltr'>iuquam.</span> <span class='ocrx_word' id='word_1_206' title='bbox 724 3294 817 3369; x_wconf 84' lang='lat' dir='ltr'>‘Quo</span> <span class='ocrx_word' id='word_1_207' title='bbox 836 3306 935 3380; x_wconf 88' lang='lat' dir='ltr'>pacto,</span> <span class='ocrx_word' id='word_1_208' title='bbox 950 3291 1121 3379; x_wconf 73' lang='lat' dir='ltr'>pessimei’</span> 
     </span>
     <span class='ocr_line' id='line_1_34' title="bbox 269 3380 1122 3449; baseline -0.004 -2"><span class='ocrx_word' id='word_1_209' title='bbox 269 3380 392 3449; x_wconf 88' lang='lat' dir='ltr'>Laudas</span> <span class='ocrx_word' id='word_1_210' title='bbox 1079 3384 1122 3444; x_wconf 76' lang='lat'>20</span> 
     </span>
    </p>

    <p class='ocr_par' dir='ltr' id='par_1_28' title="bbox 183 3464 955 3552">
     <span class='ocr_line' id='line_1_35' title="bbox 183 3464 955 3552; baseline -0.008 -16"><span class='ocrx_word' id='word_1_211' title='bbox 183 3472 363 3545; x_wconf 87' lang='lat' dir='ltr'>Fortunam,</span> <span class='ocrx_word' id='word_1_212' title='bbox 380 3480 412 3532; x_wconf 87' lang='lat' dir='ltr'>et</span> <span class='ocrx_word' id='word_1_213' title='bbox 426 3488 524 3529; x_wconf 89' lang='lat' dir='ltr'>mores</span> <span class='ocrx_word' id='word_1_214' title='bbox 539 3465 675 3549; x_wconf 73' lang='lat' dir='ltr'>antiquas</span> <span class='ocrx_word' id='word_1_215' title='bbox 690 3464 799 3552; x_wconf 90' lang='lat' dir='ltr'>plebis,</span> <span class='ocrx_word' id='word_1_216' title='bbox 816 3478 848 3530; x_wconf 89' lang='lat' dir='ltr'>et</span> <span class='ocrx_word' id='word_1_217' title='bbox 862 3464 955 3542; x_wconf 87' lang='lat' dir='ltr'>idem,</span> 
     </span>
    </p>
   </div>
   <div class='ocr_carea' id='block_1_6' title="bbox 185 3551 1055 3645">
    <p class='ocr_par' dir='ltr' id='par_1_29' title="bbox 185 3551 1055 3645">
     <span class='ocr_line' id='line_1_36' title="bbox 185 3551 1055 3645; baseline -0.009 -24"><span class='ocrx_word' id='word_1_218' title='bbox 185 3558 219 3622; x_wconf 88' lang='lat' dir='ltr'>Si</span> <span class='ocrx_word' id='word_1_219' title='bbox 234 3556 303 3645; x_wconf 89' lang='lat' dir='ltr'>quis</span> <span class='ocrx_word' id='word_1_220' title='bbox 316 3554 355 3619; x_wconf 89' lang='lat' dir='ltr'>ad</span> <span class='ocrx_word' id='word_1_221' title='bbox 370 3554 423 3619; x_wconf 84' lang='lat' dir='ltr'>illa</span> <span class='ocrx_word' id='word_1_222' title='bbox 437 3552 527 3617; x_wconf 89' lang='lat' dir='ltr'>Deus</span> <span class='ocrx_word' id='word_1_223' title='bbox 541 3551 643 3616; x_wconf 88' lang='lat' dir='ltr'>subito</span> <span class='ocrx_word' id='word_1_224' title='bbox 658 3564 689 3616; x_wconf 93' lang='lat' dir='ltr'>te</span> <span class='ocrx_word' id='word_1_225' title='bbox 703 3562 785 3639; x_wconf 81' lang='lat' dir='ltr'>agat,</span> <span class='ocrx_word' id='word_1_226' title='bbox 802 3574 900 3639; x_wconf 89' lang='lat' dir='ltr'>usque</span> <span class='ocrx_word' id='word_1_227' title='bbox 914 3572 1055 3617; x_wconf 87' lang='lat' dir='ltr'>recuses:</span> 
     </span>
    </p>
   </div>
   <div class='ocr_carea' id='block_1_7' title="bbox 0 0 1226 4059">
    <p class='ocr_par' dir='ltr' id='par_1_30' title="bbox 0 0 1226 4059">
     <span class='ocr_line' id='line_1_37' title="bbox 0 0 1226 4059; baseline 0 0"><span class='ocrx_word' id='word_1_228' title='bbox 0 0 1226 4059; x_wconf 95' lang='lat' dir='ltr'> </span> 
     </span>
    </p>
   </div>
  </div>
 </body>
</html>
