2442 4059
149 282 214 347 256
482 282 762 332 innenenertnro.
1002 281 1097 347 [erm.

152 430 272 497 [metite]
295 432 450 479 ‘vectimenta
466 434 596 493 splendida,
617 448 675 481 auro
693 435 762 496 pieta,
784 436 814 480 ab
830 434 928 495 antiqui
945 434 1098 495 simplicitate

151 498 260 547 Romani
278 494 527 560 aliena’-[oblitua]
545 502 683 559 ‘coopertus
701 515 729 546 ae
746 514 819 559 prope
839 499 910 545 nimis
927 501 1042 556 ornatos:
1061 508 1097 547 too

150 566 215 611 utttch
236 560 537 624 emmiered-[adbuc]
562 565 652 623 ‘usque
674 566 704 611 sd
727 565 771 609 boc
793 564 904 623 temporie
925 564 1098 623 punctum)-

152 625 235 690 [oiolar
245 624 347 687 imitato]
366 628 495 686 ‘lantbinsq
508 629 610 675 violacea
622 628 747 676 vestie'-
756 623 864 689 [omno]
882 631 888 653 ‘
899 625 1028 691 φαρμάκῳ,
1045 644 1097 675 me·

151 694 290 748 dicamento,
310 692 335 737 id
354 700 396 745 eat,
416 692 439 737 ls.
458 694 472 738 l.
492 692 587 739 muricis
601 707 677 748 rucco,
691 693 810 754 pnrpurd,¹
822 701 848 738 ut
859 694 923 752 Virg.
936 695 979 740 Ge.
999 695 1023 750 2,
1036 693 1096 751 466,

150 760 213 805 Atta
223 772 293 818 neque
304 756 400 815 Assyrio
404 752 503 815 fucatur
514 760 568 804 lano
579 773 669 805 oeseao.

183 820 318 869 208-213.
337 817 462 882 [recusem]
491 822 586 881 proprisi
606 821 777 881 significatione
799 819 885 883 (reciet,
910 818 1009 881 rcfure).
1053 822 1099 869 Eu
1199 797 1200 804 1

151 886 230 946 igitur,
253 884 357 939 ‘nolim,'
379 885 460 933 additi
481 895 559 933 tamen
582 884 825 947 cauam—[lowen
846 884 958 949 maligne]
984 891 1099 947 ‘propter

152 951 230 999 nescio
246 964 317 1010 quam
333 948 486 997 invidentiam
503 966 571 1011 parce
589 966 616 997 ac
633 951 718 1010 lrigide
734 951 837 1009 laudare,
855 961 879 998 et
895 952 929 997 ita
946 952 1053 1010 quidem,
1070 961 1099 999 ut

151 1031 204 1076 quse
215 1016 266 1066 leus
278 1014 391 1069 videatur,
407 1029 432 1061 re
445 1017 499 1061 veri
512 1016 542 1062 sit
556 1017 647 1062 occulta
657 1014 788 1061 irrisio.’-
799 1012 871 1076 [Ille]
889 1016 927 1061 lix
938 1016 1098 1062 recentiorum

151 1081 285 1139 linguarum
297 1080 375 1125 indole
387 1080 420 1125 aio
431 1080 574 1139 pergendum
586 1080 660 1127 foret:
678 1083 718 1126 boc
730 1078 796 1134 scito,
811 1083 846 1126 ric
858 1081 946 1133 boleto,
963 1082 1030 1127 illesi
1040 1083 1098 1127 nili

151 1147 264 1193 -ot'deri.
288 1144 335 1191 ctr.
354 1144 401 1191 Sat.
419 1145 441 1198 2,
460 1145 481 1198 1,
500 1146 574 1192 811-
586 1141 639 1205 [Ire
655 1141 736 1205 poeta]
754 1145 815 1191 ‘llle
834 1159 884 1189 rem
901 1144 963 1190 lactu
981 1160 1097 1205 perquem

152 1210 270 1257 difficilem
282 1218 391 1269 praestare
403 1223 478 1269 neque
488 1210 524 1255 vel
535 1210 653 1255 tantillum
665 1212 772 1255 aberrare
783 1211 812 1255 ab
820 1209 878 1255 artis
888 1210 978 1268 reguli,
989 1224 1097 1257 summus

152 1274 223 1333 igitur
234 1282 303 1334 poeta
314 1288 363 1319 esse
376 1273 434 1320 milri
447 1274 554 1321 ridetur!
562 1298 596 1309 -
605 1271 731 1336 [inaniter]
750 1274 805 1333 quis
820 1274 900 1319 lictum
916 1284 952 1319 est
968 1289 1097 1333 argumen-

152 1350 250 1386 tum-
261 1335 370 1401 [Irritot]
394 1338 564 1386 ‘Vehementer
582 1338 656 1386 animi
670 1339 774 1393 ‚affectus
790 1336 980 1400 moral—[Ut
1000 1335 1095 1401 uagas]

152 1405 202 1450 ‘Ut
213 1403 275 1462 magi
287 1401 388 1463 exempli
403 1405 474 1450 causi
486 1404 573 1449 umbris
583 1418 614 1449 ex
626 1405 687 1449 Orco
697 1402 811 1457 excitatis,
827 1403 979 1449 cadaveribus
991 1404 1022 1449 ad
1035 1412 1096 1450 um·

150 1484 195 1529 pus
206 1468 231 1514 in
243 1469 314 1514 vitam
325 1467 437 1513 revocatis
448 1468 590 1515 consultores
598 1468 846 1529 perterrefaciunt’-—
853 1464 1095 1530 [Phthie-Athenis]

152 1534 236 1594 quibus
247 1534 271 1579 in
285 1533 380 1578 urbibus
390 1532 495 1592 plerique
506 1530 582 1595 μῦθοι
595 1548 609 1579 a
627 1532 720 1592 tragicis
735 1532 826 1578 tractati
843 1533 923 1579 sedern
939 1547 1008 1579 auam
1023 1533 1096 1579 ltsbe·

151 1601 216 1645 bant.

184 1661 239 1718 216,
250 1659 305 1719 217,
325 1658 418 1723 [redde]
436 1662 540 1709 Reddere
556 1676 603 1707 non
619 1669 654 1708 est
665 1661 729 1708 idem
744 1676 772 1708 ac
787 1663 914 1718 restituere,
933 1663 962 1708 sb
974 1661 1021 1707 elio
1032 1662 1096 1721 quod

152 1725 275 1786 acceperis,
293 1740 336 1771 nec
348 1728 404 1773 dare
421 1726 563 1787 rimpliciter,
581 1727 622 1772 aed
634 1728 704 1773 ‘dare
715 1742 751 1783 ea,
768 1740 820 1785 quae
831 1736 872 1771 sut
882 1736 977 1786 propter
987 1726 1096 1785 qualem·

152 1804 243 1849 cunque
254 1804 347 1836 cauasnr
359 1792 474 1838 debentur
484 1790 521 1846 iis,
532 1789 618 1851 quibus
627 1792 719 1846 dantur,
730 1792 811 1837 autad
823 1806 862 1837 eoa
873 1805 1014 1850 quocunque
1025 1792 1097 1837 modo

151 1855 285 1917 pertinent,'
299 1856 364 1900 velut
376 1857 471 1903 reddere
481 1854 517 1903 dir
531 1863 614 1911 sotum,
625 1857 720 1903 reddere
729 1858 801 1902 olicsd
811 1857 936 1915 epistolam.
970 1856 1001 1901 ll.
1014 1856 1033 1902 1.
1043 1870 1096 1902 mo-

153 1920 282 1967 destissime
298 1921 381 1965 suadet
392 1922 506 1979 Augusto,
524 1929 549 1966 ut
559 1935 601 1980 pro
612 1929 733 1980 poetarum
744 1920 834 1966 meritis
845 1921 879 1979 (v.
891 1917 958 1979 llll),
969 1919 1041 1966 etiam
1053 1934 1096 1982 pro

152 1984 237 2041 studio,
249 1998 296 2043 quo
308 1986 357 2044 ejue
368 1998 405 2030 res
413 1993 491 2043 gestas
502 1985 627 2041 celebrent,
637 1987 726 2039 reddat,
736 1984 761 2031 id
774 1993 818 2034 est.
827 1984 928 2030 vicissim
941 1985 1054 2044 rependat
1064 1984 1096 2031 ils

152 2064 232 2097 curam
243 2048 345 2108 aliquam
357 2050 451 2095 brevem
466 2050 588 2095 dumtaxat
600 2060 694 2110 propter
708 2051 783 2096 multa
793 2051 843 2108 eJus
854 2047 1096 2110 negotia—[mee

152 2116 258 2176 Apolline
272 2109 378 2175 dignum]
398 2113 572 2168 DioCasa.llss,
586 2114 607 2169 1,
624 2113 652 2162 rd
668 2111 845 2161 ’Δπολλῶνιον
864 2110 920 2159 τότε
935 2110 963 2159 ἐν
979 2114 1018 2175 rqi
1037 2115 1095 2160 Πα-

151 2176 232 2241 λατίῳ
244 2178 285 2227 καὶ
297 2176 326 2225 τὸ
337 2175 471 2242 repivsopio
483 2178 511 2226 τὸ
523 2175 579 2241 περὶ
591 2176 654 2227 αὐτὸ
669 2175 716 2235 rtig
731 2194 758 2226 re
768 2174 904 2235 ἀποθήκας
919 2179 973 2224 τῶν
982 2174 1096 2238 βιβλίνν

152 2240 281 2301 ἐξεποίησε
292 2243 333 2297 rai
347 2238 479 2306 καθιέρωσε
497 2241 533 2303 (·Δ.
544 2256 568 2290 u.
578 2256 599 2290 c.
612 2242 678 2306 726).
688 2238 837 2303 -[oddere]
857 2243 881 2288 in
893 2243 962 2303 proed
971 2257 1006 2289 or.
1017 2245 1096 2290 uduo·

152 2325 211 2365 oere,
222 2312 337 2364 adbibere,
348 2309 419 2355 etiam
430 2310 525 2355 subdere
535 2310 620 2363 calcar,
632 2308 655 2354 b.
666 2310 681 2354 l.
692 2309 809 2355 ‘excitare
818 2322 899 2354 eorum
910 2307 988 2353 studia
993 2307 1010 2353 ι’
1021 2322 1096 2368 qnam

152 2374 292 2421 seutentiam
304 2382 371 2419 ornat
382 2374 499 2421 Heliconis
509 2374 603 2420 virentis
613 2374 681 2432 grati
691 2372 801 2432 imagine.

185 2438 319 2485 220-228.
339 2434 439 2498 [uineta]
458 2436 608 2484 Proverbium
630 2438 655 2483 in
676 2451 716 2484 eoa
738 2437 830 2492 dicitur,
848 2435 888 2495 qui
910 2435 997 2482 mentis
1014 2434 1096 2494 aliquo

153 2517 230 2550 errore
239 2502 338 2562 abrepti,
351 2503 388 2547 vel
405 2502 526 2549 iracundil
537 2503 573 2547 rel
584 2502 685 2548 stultitii
694 2502 738 2547 sibi
754 2502 797 2563 ipsi
811 2509 902 2547 nocent.
936 2500 1024 2546 'libuli
1036 2500 1059 2555 l,
1071 2501 1096 2557 2,

155 2567 208 2621 loo,
223 2567 284 2617 Quid
293 2582 374 2614 merres
391 2569 439 2613 uris
455 2568 536 2614 acerbo
553 2568 664 2613 tuasi-
674 2563 746 2628 [loco]
767 2567 820 2618 Hac
831 2565 1001 2624 aigniilcatione
1012 2564 1098 2612 Cicero

153 2640 177 2678 et
199 2631 372 2681 Quinctiliauus
393 2646 485 2691 semper
507 2640 605 2677 utuntur
626 2646 680 2690 gen.
699 2626 976 2691 msto-[rmoloimus]
1000 2630 1098 2677 ‘denuo

153 2696 246 2743 evoluto
257 2696 316 2742 libro
329 2697 413 2741 iterum
432 2697 554 2742 recitamus
573 2696 649 2741 locum
666 2696 777 2755 aliquem,
794 2693 835 2755 qui
845 2694 1017 2755 pulcherrimus
1027 2694 1098 2741 nobie

113 2812 117 2819 ¹
153 2760 253 2816 ridetur,
272 2760 316 2807 etsi
336 2775 405 2807 nemo
425 2761 468 2807 boc
490 2776 504 2807 a
523 2760 590 2806 nobis
608 2759 854 2819 petitu-ueroeam
873 2759 966 2819 proprie
983 2758 1098 2804 dicuntur

153 2835 249 2880 actores,
261 2824 301 2882 qui
312 2840 326 2870 a
337 2826 503 2884 spectatoribus
514 2819 590 2886 ῥῆσιν
600 2825 705 2883 'aliquam
721 2825 836 2884 insignem
853 2833 958 2884 repetere
972 2825 1097 2882 jubentur.

153 2888 203 2936 cic
221 2903 263 2949 pro
279 2890 336 2935 Sest
349 2887 494 2951 bib—[non
510 2886 633 2950 apparere]
652 2891 714 2936 ‘non
733 2889 773 2946 ita,
792 2898 819 2935 ut
836 2890 957 2947 deberent,
972 2888 997 2933 in
1015 2888 1097 2935 oeulos

153 2956 265 3015 cujusque
276 2953 394 2999 incurrere
406 2963 430 2999 et
440 2963 519 3001 mente
530 2955 578 3001 aive
589 2953 703 3001 auditoris
713 2955 761 3000 sire
778 2952 870 3000 lectoris
886 2952 986 3013 perspici
1003 2953 1098 3011 riteque

153 3015 414 3078 eadmund-[tenui]
432 3018 548 3079 frequenti
566 3018 700 3078 imagines
717 3018 818 3064 lanificio
836 3018 906 3063 ducta
924 3016 1028 3063 carmina
1046 3018 1098 3064 ele·

91 3142 93 3146 ,
153 3083 234 3143 gentis
251 3097 277 3130 ac
297 3082 377 3127 suevia
394 3093 557 3142 comparantur
576 3098 629 3129 cum
649 3085 713 3130 tenui
733 3083 773 3128 blo
792 3098 806 3128 a
824 3084 875 3128 colo
893 3083 1006 3133 &ductos
1022 3082 1098 3128 etiam

153 3150 265 3196 absolute.
283 3145 350 3206 Virg.
369 3147 419 3193 Ecl.
435 3147 459 3204 6,
477 3150 500 3203 5,
519 3149 641 3195 deducturi
658 3150 734 3195 dicere
751 3162 848 3193 mee.
858 3171 890 3180 -
901 3142 1052 3207 [maedus]
1069 3154 1099 3193 ut

154 3215 198 3259 Od.
214 3214 238 3267 4.
248 3213 271 3269 8,
288 3212 309 3267 1,
319 3211 405 3257 ‘facilis
420 3226 446 3257 ac
462 3212 579 3259 liberalia!
587 3237 621 3246 —
629 3210 707 3274 [egere
717 3208 790 3273 vetes]
809 3211 894 3270 ‘largis
905 3210 1042 3256 muneribus
1054 3224 1098 3257 not

154 3278 255 3325 afficiae'
289 3278 335 3323 Sed
347 3276 444 3322 ridicule
455 3291 604 3336 expressum:
623 3280 740 3336 ‘egestate
757 3291 799 3321 nos
814 3276 906 3333 liberes,
921 3283 1042 3334 tamquam
1053 3275 1098 3321 tibi

154 3341 198 3403 ipsi
211 3357 260 3389 rem
272 3354 412 3401 magnopere
424 3349 513 3399 gratam
525 3340 634 3397 facturos,
650 3342 670 3387 ai
681 3355 728 3387 non
739 3343 790 3401 iam
801 3341 927 3399 egeamus!

186 3406 321 3455 eto-2³4
341 3401 473 3467 [AEdituor]
491 3405 570 3451 Virtus
582 3400 684 3465 Augus‘tl
698 3414 734 3452 est
749 3414 868 3465 tamquam
883 3406 936 3460 des,
952 3418 1006 3463 qute
1021 3404 1098 3450 edent

154 3471 240 3525 babet;
264 3480 338 3531 poete
359 3472 438 3529 igitur,
461 3484 534 3530 quum
553 3470 705 3530 panegyricos
727 3470 802 3516 aliave
824 3470 927 3516 earmina
948 3469 974 3514 in
994 3468 1097 3527 Augusti

154 3536 249 3581 laudem
266 3544 415 3595 componunt,
434 3542 490 3581 sunt
507 3533 569 3580 illius
588 3536 639 3581 deas
657 3534 724 3594 quasi
742 3536 832 3581 aditui.
843 3530 1022 3595 —[ctoerttss]
1041 3533 1096 3579 Non

157 3599 257 3656 Semina,
274 3600 315 3645 sed
327 3600 435 3658 lacensis,
454 3594 569 3661 (Ἰασεύς,
586 3600 615 3646 sb
632 3598 692 3657 lato,
709 3598 784 3646 carie
800 3598 912 3660 oppidoz)
931 3611 1009 3645 comes
1021 3598 1096 3645 Alex·
