2442 4059
148 252 208 318 156
476 255 761 304 rursnruernrro.
1019 252 1093 317 [ses.

147 406 184 452 vel
198 405 269 452 etiam
285 406 371 466 pugnis
387 406 463 455 cedit.
491 406 554 454 Pers.
568 407 590 465 l,
602 405 656 463 106,
676 405 727 454 Nec
733 406 839 466 pluteum
849 406 918 452 cadit
927 421 969 453 sec
979 407 1096 454 demorsos

146 472 209 532 sopit
224 486 318 530 ungues.
351 470 473 518 Coruinum
493 480 528 518 est
550 471 608 517 illud
626 467 697 534 παρὰ
718 466 874 530 προσδοκίαν
889 477 956 532 nique
971 473 1096 530 postia-

149 532 282 597 [minantis]
300 535 464 596 promittentis,
475 533 513 594 (ut
529 533 656 595 ἀπειλεῖν)
667 537 696 582 de
711 538 780 582 rebus
791 535 963 595 majoribus-
975 531 1022 597 [si]
1042 536 1095 582 lul.

148 600 178 646 de
190 610 301 659 tempore,
314 600 369 648 ‘ubi
381 600 498 661 primum!
506 625 539 635 -
549 597 668 662 [nocuum]
686 598 800 647 ‘otiosum
811 600 836 645 iu
848 600 893 645 boc
903 601 1010 646 secessu!

183 665 221 720 ll,
233 665 271 712 12.
289 661 428 728 [Quorsum]
446 669 452 692 ¹
462 667 539 717 Quem
550 667 580 712 ad
591 665 671 722 linem,
683 679 729 724 quo
740 665 834 711 tandem
845 664 943 710 consilio
953 662 1095 725 compegisti

148 738 173 776 et
188 729 213 775 in
226 729 332 776 vehiculo
348 731 429 778 artssti
445 731 529 778 horum
544 731 617 777 libros
625 729 643 775 i¹
677 729 740 784 Jam,
759 730 843 788 quibus
861 730 963 775 maxime
980 729 1095 777 delectari

149 794 230 840 solitus
249 793 287 851 sit,
307 795 414 844 nominat
430 804 515 856 praeter
532 794 662 849 Platonem,
681 808 798 840 summum
819 793 905 852 dialogi
925 802 950 840 et
969 795 1094 842 Socraticae

149 854 275 922 εἰρωνείας
289 859 426 920 magistrum
437 859 570 922 (Socratico
581 862 666 906 charte
677 857 708 904 A.
721 859 746 904 Ρ.
757 855 825 918 3111)
837 857 1014 914 Archilochum,
1031 859 1093 905 iam-

149 923 194 970 bici
206 924 315 971 carminis
326 925 464 986 principem,
481 933 561 985 poetas
572 924 654 985 priscae
671 931 696 968 et
710 938 776 969 nosse
792 920 1093 986 comedim-[educere]

150 999 172 1034 v.
185 1003 261 1049 propr.
272 990 301 1036 de
312 990 349 1045 iis,
364 1005 423 1050 qnos
434 991 554 1036 nobiscum
566 1004 595 1035 er
607 990 664 1034 urbe
675 1003 715 1035 rus
726 986 840 1034 ducimus.
873 987 921 1034 Cic.
932 988 963 1033 ad
975 989 1005 1038 Q.
1018 989 1057 1034 Fr.
1069 989 1095 1046 3,

149 1052 174 1108 3,
191 1055 217 1100 Si
232 1056 346 1102 nobiscum
364 1071 413 1102 eum
429 1071 469 1103 rus
486 1055 562 1117 aliquo
577 1055 744 1102 educimus-
754 1048 854 1113 [tantm]
872 1055 934 1098 ‘tam
954 1061 1095 1113 prestantes

148 1126 218 1176 stque
229 1133 284 1177 egre
301 1120 350 1166 ios.’
698 1138 701 1144 ·

184 1135 445 1245 13—16.⁸[1nos'diam]
470 1181 596 1229 ‘Credisne
617 1182 696 1228 minus
717 1178 850 1228 invidorum
869 1181 1054 1242 iniquorumque
1070 1191 1095 1230 te

151 1246 294 1301 habiturum.
313 1250 352 1296 ubi
371 1249 489 1303 virtutem,
511 1247 536 1293 id
557 1255 598 1302 cst,
620 1247 768 1300 industrium,
785 1246 933 1293 deseruerisi
968 1247 1053 1303 Immo,
1069 1256 1096 1295 et

151 1313 235 1360 merito
246 1314 349 1373 quidem,
360 1312 504 1374 contemptui
515 1311 646 1358 habebere!
653 1335 685 1345 -
694 1306 786 1372 [Sires]
800 1313 906 1367 ‘blanda
914 1311 956 1357 sed
967 1311 1095 1374 impudens

151 1378 348 1426 conciliatricula!
376 1379 424 1426 cic
436 1393 478 1438 pro
489 1376 564 1424 Sestio
579 1377 643 1424 9.-
653 1372 768 1438 [meliors]
786 1375 877 1434 ‘magis
893 1375 1096 1424 induamus·-

153 1437 311 1505 [l'onendssnr]
331 1445 397 1490 ‘lloc
405 1442 502 1490 missum
510 1441 643 1488 iaciendum
652 1441 746 1488 estsine
754 1440 826 1487 animi
836 1441 928 1495 dolores
940 1442 1004 1500 quod
1015 1441 1095 1502 ipsum

151 1505 254 1554 hominis
265 1517 301 1554 est
310 1508 397 1555 desidis
407 1523 434 1554 no
446 1507 515 1562 vilis.'
523 1531 557 1540 -
566 1503 617 1568 [di]
635 1506 776 1552 Pontificum
791 1505 892 1552 formula
908 1515 943 1552 est
959 1507 984 1553 di
1000 1508 1095 1568 deaque

151 1572 189 1617 vel
200 1574 247 1619 siue
257 1574 313 1620 deas
323 1576 369 1620 siue
383 1574 427 1620 deo
442 1587 485 1619 nec
500 1571 593 1620 ridiculi
610 1571 739 1631 quidquam
753 1572 906 1630 querendum
923 1571 948 1616 in
959 1583 982 1617 v.
994 1572 1095 1632 deeque.

150 1658 184 1668 -
196 1632 360 1698 [Damasippe]
390 1637 494 1684 Licinius
516 1635 672 1695 Damasippus
693 1644 813 1694 tamquam
833 1645 963 1682 statuarum
984 1644 1010 1682 et
1037 1637 1094 1682 bor·

151 1707 227 1746 torum
240 1702 347 1748 venditor
365 1711 508 1749 memoratur
518 1703 568 1762 jam
585 1715 600 1746 a
611 1701 724 1748 Cicerone
738 1701 770 1747 ad
784 1700 850 1747 Fam.
862 1700 886 1755 7,
896 1700 935 1747 ea
949 1701 981 1746 ad
991 1700 1041 1748 Διί.
1055 1701 1095 1758 12.

149 1765 265 1812 aestus.

186 1829 288 1884 17-20.
307 1827 420 1892 [tonsore]
440 1830 495 1891 ‘qui
506 1829 603 1876 immani
615 1830 689 1876 barbi
700 1837 723 1876 te
733 1829 817 1876 liberet
823 1830 838 1883 ;'
855 1829 923 1891 quasi
934 1831 1010 1889 majus
1020 1831 1095 1877 bene·

152 1893 231 1941 licium
244 1895 387 1957 Damasippo
401 1895 425 1942 di
441 1909 534 1956 quoque
551 1893 670 1955 impertire
685 1909 733 1941 non
748 1902 850 1956 possent.
883 1894 1013 1941 Stoicorum
1031 1909 1095 1955 pre·

152 1957 221 2019 cipue
232 1969 255 2006 et
264 1960 406 2022 Cynicorum
413 1969 464 2006 erat
471 1974 521 2006 mos
530 1961 634 2015 barbam,
645 1973 692 2019 quo
702 1960 777 2019 magis
788 1973 803 2006 a
812 1960 904 2020 popello
912 1959 1096 2019 suspicerentur,

151 2023 334 2083 promittere.—
344 2020 493 2085 [Postquam]
515 2024 659 2083 ‘Postquam
674 2037 721 2070 sere
737 2024 814 2072 alieno
831 2025 930 2071 conflato
946 2024 1096 2072 fortunarum

152 2087 300 2149 naufragium
319 2089 370 2143 teci,
392 2089 544 2150 philosophus
560 2088 635 2134 sactus
653 2102 706 2134 sum
725 2098 749 2135 et
769 2105 882 2145 excussus,
904 2103 919 2136 a
939 2089 1096 2138 creditoribus

152 2154 240 2213 eiectus
257 2169 286 2201 ex
303 2154 486 2214 possessionibus
504 2152 570 2208 meis,
589 2153 648 2200 adeo
668 2162 694 2199 ut
712 2153 770 2199 nibil
786 2168 867 2200 earum
885 2155 1016 2200 curandum
1033 2153 1096 2200 snilsl

151 2228 231 2275 restet,
239 2234 301 2266 nunc
312 2220 337 2265 in
348 2219 447 2266 aliorum
458 2219 552 2278 negotia
563 2231 600 2264 me
609 2217 700 2277 ingero,
710 2217 840 2266 identidem
851 2233 967 2278 quaerens,
976 2220 1096 2279 quomodo

150 2297 191 2330 sos
202 2299 216 2330 a
227 2284 327 2331 stultitia
335 2285 443 2331 dehorter
453 2293 523 2343 atquc
533 2283 563 2329 ad
571 2296 649 2329 veram
658 2283 797 2343 sapientiam
806 2284 986 2343 perducam’-
993 2279 1095 2346 [Iasus]

151 2347 200 2394 cir.
213 2349 273 2409 Epp.
287 2349 309 2406 l,
323 2349 344 2404 1,
357 2350 396 2396 54.
415 2349 463 2396 Cic.
475 2350 504 2395 de
517 2348 561 2394 Off.
573 2348 596 2404 2,
611 2348 650 2404 25,
665 2349 694 2395 ds
704 2350 835 2409 quarndo,
853 2350 882 2396 de
897 2350 1036 2403 edomas,
1049 2365 1094 2409 pe·

151 2414 227 2469 cunici,
237 2415 315 2461 sellem
328 2417 397 2461 etiam
407 2415 435 2462 da
452 2415 538 2461 scmus
554 2413 689 2459 commodius
704 2429 719 2459 ο
735 2414 869 2474 quibusdam
883 2415 974 2474 optimis
989 2415 1048 2460 uiris
1061 2415 1097 2461 od

152 2477 235 2524 Ianum
252 2481 348 2526 medium
362 2480 492 2530 sedentibus
505 2493 572 2539 quom
582 2479 613 2525 ab
623 2478 677 2524 allis
684 2479 822 2538 pistoresis·
832 2479 881 2525 ulid
892 2480 917 2525 ia
926 2479 1003 2524 solsold
1014 2480 1094 2539 disprs-

152 2547 217 2587 ratur
226 2560 235 2594 ,·
253 2542 291 2589 ubi
309 2544 418 2590 Zusrer:
439 2543 581 2590 “Sedebant
597 2541 739 2589 feneratores
754 2551 779 2589 et
798 2542 923 2602 argentarii
943 2542 1048 2589 maxime
1063 2544 1096 2592 ad

152 2602 248 2666 (prope)
259 2608 347 2653 lanum
358 2608 461 2654 medium
473 2607 498 2654 in
510 2606 611 2654 tabernis
622 2607 740 2653 adfurum
751 2607 893 2654 Romanurn.
918 2606 969 2653 vie
979 2607 1005 2653 ln
1018 2607 1096 2656 iorum

152 2669 294 2718 deducentes
302 2672 368 2718 Janis
376 2670 515 2719 transitoriis
525 2670 656 2731 (passages)
664 2679 827 2732 superstructa
835 2681 910 2728 erant,
920 2672 962 2732 qul
973 2679 1021 2720 tres
1030 2687 1096 2720 eom·

152 2745 319 2786 memorantur.
330 2751 443 2790 summus,
454 2737 523 2792 imus,
535 2736 650 2783 medius.”

185 2797 288 2847 21—26.
307 2797 443 2864 [Sisyphus]
463 2801 527 2848 AEoli
545 2800 616 2854 iilius,
632 2801 740 2848 conditor
755 2800 871 2848 Corinthi.
889 2802 920 2849 11.
935 2798 958 2858 ζ,
976 2801 1031 2857 153,
1051 2798 1097 2849 Σῖ-

153 2862 298 2926 sapon—6
314 2849 438 2929 κέρδιστος
452 2861 531 2929 γένετ’
548 2859 656 2928 ἀνδρῶν.
690 2866 799 2913 Ridicule
815 2866 884 2926 tingit
899 2866 965 2912 illum
978 2868 1030 2926 Jam
1047 2869 1096 2914 co·

152 2927 241 2974 rintlrio
259 2944 313 2976 vase
335 2932 406 2990 pedes
428 2931 519 2978 lavisse.
553 2930 664 2978 Solebant
684 2941 765 2978 sutem
781 2930 863 2977 tslium
880 2945 959 2977 rerum
978 2940 1098 2980 amatores

153 2992 247 3052 gloriari
264 3009 289 3040 se
306 2996 396 3042 tabulas
412 2995 492 3056 pictas,
508 2995 583 3056 signs,
600 3009 663 3051 vasa,
682 2996 767 3055 partim
784 3009 929 3042 summorum
946 3010 1096 3057 quorumque

152 3058 276 3114 artificum,
287 3059 371 3118 partim
383 3060 552 3120 antiquissima,
564 3062 704 3108 utensilium
714 3061 820 3108 Euandri
830 3063 932 3108 monibus
943 3063 1024 3108 tritura
1032 3059 1096 3122 (Sat

156 3122 178 3178 l,
188 3122 212 3176 3,
223 3120 276 3183 91),
287 3123 350 3169 domi
365 3124 458 3172 habere.
466 3149 499 3158 —
508 3121 624 3187 [infabre]
644 3124 738 3170 ‘minus
753 3124 892 3172 artificiose’
901 3148 934 3158 -
942 3121 1035 3186 Uusass
1051 3127 1096 3174 dss-

152 3185 215 3250 rius]
233 3185 352 3247 ‘rigidiun
364 3185 398 3234 ita
409 3197 435 3235 ut
445 3189 530 3249 capilli,
541 3189 592 3244 tori,
601 3197 666 3236 artus
675 3203 753 3236 veram
764 3189 867 3250 corporis
877 3189 975 3236 humani
985 3198 1097 3239 usturam

152 3252 231 3299 minus
247 3261 309 3300 recte
325 3252 488 3300 imitarentur:
523 3253 605 3300 ‘Artis
619 3251 725 3314 peritus‚’
735 3253 822 3314 inquit,
836 3253 905 3300 ‘huic
920 3253 989 3313 signo
1005 3263 1096 3303 statue·

151 3316 206 3362 bam
217 3318 318 3378 pretium
329 3326 423 3364 centum
434 3318 533 3364 millium
544 3315 686 3374 sestertium,
697 3318 737 3364 alii
747 3319 825 3374 aliuds
842 3327 927 3379 praeter
935 3328 1026 3366 ceteros
1037 3320 1095 3368 item

153 3383 296 3429 excellebam
313 3382 337 3428 in
353 3383 451 3429 amoenls
467 3382 540 3428 bortis
552 3382 703 3442 pulchrisque
718 3382 826 3429 domibus
843 3384 949 3430 emendis
966 3397 1096 3445 rursusque

153 3458 207 3491 cuns
223 3448 287 3494 lucro
298 3447 434 3502 vendendis,
450 3447 513 3492 unde
528 3445 636 3492 homines
652 3446 677 3492 iu
694 3447 801 3508 compitis
814 3448 864 3495 sive
880 3447 964 3504 triviis,
980 3449 1022 3496 ubi
1038 3464 1095 3497 auc·

151 3508 226 3618 tiques
237 3512 332 3570 fiebant,
343 3527 384 3573 per
394 3511 491 3558 circulos
502 3510 637 3570 congregati
651 3511 751 3558 alterum
763 3512 907 3560 Mercurium
917 3528 956 3559 me
966 3515 1097 3574 predicere

150 3585 175 3619 so
185 3583 211 3618 ιιι
223 3577 305 3622 erant!

182 3636 221 3692 27.
240 3635 324 3700 [morbi
328 3635 466 3704 purgatum]
482 3640 510 3688 ln
522 3647 580 3688 orat.
590 3640 668 3688 sotum
678 3639 805 3688 dicendum
814 3641 874 3690 tores
884 3644 961 3692 norbo
966 3650 1096 3706 pergam

34 3948 165 4020 A
