2442 4059
126 246 182 283 ata.
195 246 213 282 1.
225 233 261 293 6.]
458 233 740 281 Interamnium.
1008 233 1073 299 203

124 384 232 433 externis
250 382 328 447 (qnod
341 384 410 444 quale
429 382 459 429 sit
479 398 508 430 er
524 392 547 431 te
565 382 662 443 quesivi
679 398 715 430 vr.
735 382 828 444 b-iiz)
852 384 877 430 io
896 384 959 431 bunc
976 386 1072 432 modum

124 452 227 511 aperias,
245 451 310 497 stulti
322 451 425 510 profecto
439 463 490 495 esse
500 464 543 509 pro
554 449 640 495 finibus
656 448 772 496 bonorum
782 450 869 495 hebere
884 464 919 504 ea,
935 466 987 509 qua
997 450 1074 510 prima

123 530 176 563 esse
193 516 300 576 plerique
316 516 426 561 mortales
441 515 543 561 ducunt'
552 536 585 549 -
594 510 739 576 [argesten]
757 514 854 573 iactum,
869 514 894 561 in
907 516 988 574 primis
1000 516 1071 561 ooela·

123 576 343 640 tum-[marmor
356 576 432 640 celus]
454 580 589 639 anaglypha
605 586 631 625 et
643 587 732 626 statuas
749 582 778 626 ab
798 579 929 638 insignibus
948 581 1072 627 meliorum

122 655 258 705 temporum
274 644 387 691 aPericle
404 646 434 689 ad
451 643 616 690 Alexandrum
634 646 667 691 lt.
679 644 807 691 artificibus
825 644 986 692 confectas-
996 641 1070 707 [aero]

123 724 181 756 vasa
196 709 326 770 praesertim
346 708 475 755 Corinthia.
485 732 519 743 -··
532 706 619 771 [ortes]
637 717 716 755 cetere
732 709 848 756 artificum
869 724 940 769 opera
960 710 1068 762 illustria,

123 774 165 833 (nt
177 775 223 820 0d.
235 776 259 829 l,
276 775 300 831 Β,
316 772 351 835 2,)
369 789 416 834 quo
426 788 475 821 voc.
493 774 610 833 significet
625 774 697 821 etiem
714 775 804 820 tabulas
820 772 1067 837 pictas-[gematis]

123 840 295 899 complectitur
306 848 330 885 et
338 840 427 898 lapides
439 839 558 899 pretiosos,
573 840 676 885 maxime
691 840 728 885 vel
737 839 823 886 incisos
833 840 869 885 vel
880 840 1033 900 anaglyphas,
1045 851 1069 887 et

122 904 234 951 uniones.
241 928 274 937 -
284 900 392 966 [Tyrios]
405 906 505 949 ‘vestem
517 904 645 962 stragulam
656 918 804 964 purpuream,
814 904 931 963 dibapha)

158 970 262 1017 lit-23.
281 966 388 1030 [Gaude]
406 969 530 1028 Duplicem
548 970 645 1015 modum
659 972 710 1030 jam
727 968 850 1027 signifieat,
871 983 918 1027 quo
936 969 989 1028 quis
1006 970 1068 1014 bona

121 1033 164 1081 illa
175 1049 213 1081 vr.
225 1034 262 1089 17,
280 1034 317 1089 18,
329 1042 464 1079 enumerata
475 1034 519 1079 sibi
530 1048 611 1094 parere
630 1042 709 1092 queat,
723 1034 826 1093 primum
836 1034 1001 1092 eloquentiam,
1019 1035 1067 1093 quit

121 1100 153 1145 ad
164 1099 267 1145 honores
277 1101 368 1144 lucrum
379 1099 501 1144 afferentes
511 1098 640 1158 perveniat,
655 1099 740 1145 deinde
756 1098 850 1156 negotia
860 1098 973 1152 forensia;
993 1101 1000 1123 ⁴
1011 1113 1067 1157 agas

122 1164 179 1211 licet
200 1165 239 1209 sel
257 1164 409 1217 causidicum,
437 1164 474 1209 vel
492 1163 647 1209 feneratorem
668 1164 699 1209 ad
720 1164 807 1210 lanum
829 1162 949 1209 medium.'
964 1187 997 1196 —
1011 1163 1067 1209 Jam

121 1229 231 1289 plerique
240 1228 346 1274 homines
357 1228 457 1287 negotiis
467 1228 539 1287 gestis
549 1230 592 1273 sub
603 1228 726 1274 meridiem
737 1229 833 1274 domum
844 1228 932 1273 redisse
943 1226 1065 1273 videntur:
1084 1269 1087 1275 ,

122 1295 162 1340 bie
178 1308 235 1339 sero
253 1294 312 1339 lucri
328 1298 412 1353 praeter
428 1294 524 1343 modum
539 1293 638 1353 cupidus
654 1293 746 1352 vesperi
764 1294 859 1339 demum
877 1293 973 1338 domum
990 1292 1066 1339 redire

116 1360 225 1419 jubetur.
259 1359 313 1408 Quo
332 1359 427 1405 tandem
444 1357 557 1404 consilio?
592 1357 707 1406 Videlicet
722 1366 749 1404 ut
769 1357 841 1404 etiam
857 1356 914 1415 loro⁸
926 1356 1006 1402 relicto
1024 1371 1066 1416 per
1128 1397 1136 1407 ,

121 1425 205 1469 domos
216 1422 318 1483 privatas
328 1424 434 1479 emendo,
447 1423 577 1478 vendendo,
594 1422 745 1469 conducendo
759 1422 849 1482 aliquid
860 1431 975 1481 quaestum
987 1421 1063 1467 saciat.

121 1484 215 1548 -[Ne
229 1484 295 1549 plus]
313 1488 428 1533 ‘Naviter
446 1488 536 1548 corripe
554 1487 660 1547 undique
677 1486 795 1547 pecunias,
814 1502 844 1533 ne
865 1485 949 1533 Mutus
963 1487 1010 1539 ille,
1027 1485 1065 1531 cui

121 1553 224 1608 insides,
245 1553 316 1598 ditior
337 1553 368 1599 sit
386 1561 417 1608 te,
434 1568 508 1613 quum
525 1552 610 1612 partim
629 1566 685 1611 opes
702 1566 757 1598 suas
774 1566 822 1598 noo
840 1552 973 1599 assiduitati
988 1564 1065 1609 neque

121 1618 241 1673 sollertia,
260 1618 301 1663 sed
318 1618 480 1663 tantummodo
499 1618 604 1677 conjugis
625 1616 683 1672 doti,
703 1616 729 1663 id
746 1626 788 1672 est,
804 1631 865 1663 ceco
883 1616 955 1671 casui,
973 1616 1066 1669 debeat,

121 1682 218 1743 partim,
234 1681 275 1741 (de
287 1684 336 1742 quis
346 1696 371 1727 re
385 1684 438 1741 jure
449 1681 591 1743 indignaris)
608 1675 715 1727 tenuiore
724 1682 775 1729 loco
790 1681 821 1727 sit
830 1676 1063 1741 estaol-[Mutus]

121 1748 194 1794 bomo
213 1746 321 1806 ignotus,
343 1747 423 1793 lictum
442 1762 492 1793 esse
511 1762 596 1793 nomen
614 1761 662 1793 uou
678 1746 753 1793 credo.
796 1747 823 1792 Ρ.
841 1746 973 1793 Aternius
992 1747 1018 1791 P.
1037 1746 1067 1792 F.

122 1812 215 1859 Mvrvs
234 1820 270 1857 est
288 1813 351 1871 apud
370 1812 438 1857 Grut.
458 1812 513 1867 302,
534 1812 595 1858 1.-
607 1808 714 1872 [emta]
732 1804 804 1865 ἅπαξ
814 1810 960 1874 λεγόμενον·
978 1809 1066 1856 ‘metat

120 1891 151 1923 es
174 1873 436 1937 agria-[indignos]
459 1884 486 1921 ut
503 1876 559 1922 alibi
578 1879 667 1933 niman,
686 1878 777 1931 adana
793 1875 865 1936 rasos,
884 1892 926 1936 per
947 1876 1064 1921 exclama-

121 1941 218 1988 tionem.
226 1966 260 1975 —
268 1938 405 2002 [mirabilis]
424 1938 543 1999 ζηλωτός,
561 1942 664 2001 ‘diguus
673 1956 745 2001 quem
753 1942 885 1989 admirera'
919 1940 1024 2001 Respicit
1033 1939 1065 1985 ad

120 2021 141 2052 v.
157 2007 180 2063 l,
196 2007 370 2053 Niladmirart'.

153 2071 259 2126 24—27.
276 2068 419 2133 [Quidquid]
437 2068 533 2117 Nesus:
546 2070 649 2115 ‘Verum
660 2070 684 2115 iu
696 2070 741 2117 hoc
748 2068 904 2116 immoderato
911 2068 970 2115 locri
976 2068 1063 2124 studio,

120 2135 165 2182 lroc
177 2151 271 2195 quoque
289 2138 364 2182 solent
378 2135 482 2182 oblivisci
499 2136 614 2196 plerique,
628 2135 692 2181 fluxa
707 2143 732 2181 et
746 2136 834 2181 caduca
844 2135 923 2180 omnia
933 2148 992 2190 esse,
1010 2148 1064 2191 quea

119 2202 205 2260 volgus
223 2216 266 2261 pro
281 2202 378 2247 summis
394 2201 461 2247 bonis
481 2201 557 2247 habet.
591 2201 671 2259 Atque
687 2207 714 2245 ot
729 2199 841 2245 continuo
860 2213 926 2244 nora
941 2197 1065 2244 bominum

119 2274 203 2313 aetates
213 2266 322 2311 οιίιιιιιιιι
337 2276 401 2311 etex
412 2274 479 2311 terne
490 2266 542 2312 sinu
554 2278 621 2311 notre
632 2279 724 2324 semper
739 2278 795 2323 opes
811 2263 961 2319 effodiuntur,
975 2262 1009 2309 sic
1021 2262 1064 2320 out

120 2345 185 2377 nuno
197 2331 286 2385 vivunt,
303 2345 358 2376 mox
370 2331 482 2387 occident,
494 2346 547 2389 quae
559 2344 622 2375 uunc
632 2330 758 2389 splendent
767 2335 791 2373 et
801 2327 926 2386 magnifica
936 2328 1063 2382 ducuntur,

119 2396 186 2441 brevi
204 2397 390 2441 obscurabuntur
407 2410 433 2441 ac
450 2395 568 2457 peribunt.
603 2394 656 2441 Hoc
673 2403 698 2439 tu
715 2406 836 2451 nunquam
851 2393 995 2448 obliviscere,
1013 2400 1064 2439 uta

120 2462 204 2506 morbo
220 2462 261 2506 illd
278 2474 334 2519 opes
351 2459 488 2506 corrodendi
506 2459 564 2505 liber
583 2472 686 2505 maneas.
726 2458 876 2504 Morieudum
895 2458 936 2502 tibi
956 2467 1000 2511 est,
1018 2458 1062 2506 etsi

119 2525 223 2585 aequales
234 2524 268 2571 tui
280 2534 303 2569 te
312 2525 347 2569 vel
360 2524 461 2569 maxime
472 2523 634 2584 suspexerim!
642 2546 675 2557 -
682 2520 801 2584 [Perticae
810 2520 936 2583 Agrippa]
957 2522 1063 2571 Porticus

120 2590 228 2651 Neptuni
245 2604 263 2635 s.
281 2591 478 2648 Argonautarum,
494 2602 509 2635 a
527 2590 560 2635 Μ.
574 2588 679 2648 Agrippa
694 2602 719 2635 s.
736 2600 761 2633 u.
774 2601 795 2633 c.
811 2586 859 2641 729
877 2587 1022 2634 aedilitate
1039 2598 1063 2635 et

120 2655 219 2715 picturis
235 2669 314 2700 rerum
331 2656 360 2699 ab
372 2654 515 2713 Argonautis
525 2662 642 2712 gestarum
656 2662 777 2698 esornata.
810 2653 868 2712 (Dio
880 2654 942 2699 Cass.
960 2653 999 2709 53,
1010 2652 1061 2715 27.)

120 2722 169 2766 Sub
180 2720 224 2765 hac
234 2720 369 2779 frequenter
379 2719 559 2764 deambulabant
570 2717 679 2764 Romani.
687 2740 721 2753 -·-
729 2713 780 2778 [oio
791 2714 865 2777 Appi]
888 2718 964 2776 Epod.
981 2718 1004 2772 t,
1023 2719 1061 2765 lt

121 2786 170 2831 Sat.
189 2784 211 2840 l,
230 2786 253 2839 ὅ,
271 2785 293 2831 6.
313 2784 530 2843 ,Frequentabatur
548 2797 641 2842 semper
658 2797 673 2827 a
687 2783 798 2829 divitibus
817 2782 843 2827 in
862 2782 928 2829 villas
946 2798 1000 2828 suas
1020 2798 1062 2843 per

120 2850 275 2910 Campaniam
282 2848 342 2913 sitas
352 2848 544 2895 commeantibus.
555 2871 587 2881 -
594 2848 672 2893 Nona
682 2857 707 2893 et
717 2849 794 2893 Ancus
804 2846 822 2892 ii
837 2846 899 2893 inter
910 2862 984 2907 reges,
1003 2863 1061 2907 quo·

120 2930 172 2961 rum
184 2928 239 2961 esra
249 2914 363 2960 Romanis
374 2912 470 2959 nomina
480 2910 578 2957 velutin
589 2912 739 2971 proverbium
748 2912 862 2957 abierant.

152 2980 193 3035 28,
208 2980 248 3027 29.
282 2979 377 3025 Naxus:
397 2976 582 3032 ‘Nihilominus
599 2976 643 3022 etsi
664 2976 751 3023 scimus
769 2984 861 3023 nutem
881 2977 948 3022 nobis
965 2976 1061 3030 instare,

120 3054 200 3091 tamen
217 3045 301 3090 naturis
316 3044 349 3089 sic
362 3045 462 3103 jubente
476 3043 565 3088 uiuendi
581 3041 653 3087 finem
669 3042 770 3100 aliquam
787 3042 873 3101 singuli
890 3042 1000 3087 mortales
1017 3040 1062 3086 sibi

120 3110 265 3157 constituant
291 3120 384 3157 necesse
405 3115 448 3153 est.
491 3107 546 3153 lam
568 3105 591 3153 in
613 3106 718 3165 corporis
739 3106 835 3165 quidem
855 3106 955 3152 sanitate
972 3105 1061 3151 tuenda

120 3172 225 3219 universi
235 3187 284 3219 uno
293 3187 407 3219 consensu
422 3172 465 3218 hoc
475 3179 619 3231 praeceptum
628 3180 773 3230 sequuntur:
791 3173 797 3197 ⁶
810 3173 892 3217 Morbo
905 3172 943 3217 ubi
955 3172 1060 3226 tentaris,

120 3239 200 3285 statim
221 3252 299 3297 quiere
316 3236 477 3283 medicinaml'
513 3236 625 3283 Similiter
645 3251 726 3282 omnes
743 3236 825 3283 dicunt
842 3251 867 3282 se
884 3242 952 3288 recte,
972 3233 997 3278 id
1016 3243 1059 3290 est,

121 3311 212 3349 natura
223 3302 396 3358 convenienter,
414 3316 441 3348 aa
457 3310 580 3363 propterea
596 3304 664 3348 beate
674 3302 752 3347 virere
762 3302 829 3348 velle.
863 3302 895 3346 At
910 3300 936 3344 in
954 3298 998 3343 hac
1011 3298 1060 3346 vna

119 3370 190 3415 ῑκιιιᾶ
208 3368 344 3427 quaerendi,
359 3381 415 3422 non,
435 3375 461 3413 ut
477 3367 502 3413 in
520 3366 653 3413 valetudine
668 3367 829 3422 sustentandi,
848 3365 896 3410 uni
913 3378 940 3409 ac
958 3363 1059 3423 simplici

120 3434 210 3479 ratione
229 3442 335 3486 utuntur,
350 3432 392 3477 scd
409 3432 531 3491 ambigunt
544 3431 576 3478 de
591 3446 646 3477 vero
660 3431 707 3477 line
726 3434 838 3477 bonorum
855 3438 879 3475 et
897 3428 1059 3488 uuusquisque

119 3512 161 3559 pro
178 3498 221 3543 sui
237 3497 317 3543 indole
335 3496 454 3556 proprium
465 3496 510 3541 sibi
520 3496 609 3551 statuit,
629 3497 665 3542 vel
681 3494 792 3541 virtutem
808 3493 841 3552 (v.
852 3492 895 3552 29)
913 3495 949 3538 vel
964 3493 1058 3541 diuitias

119 3565 168 3623 (rs.
186 3559 295 3621 :tl-48)
327 3562 365 3607 vel
387 3561 527 3607 honoraret
545 3561 644 3619 gratiam
660 3561 796 3620 popularem
816 3557 865 3617 (vr.
885 3558 992 3618 stt-55)
1021 3560 1058 3605 vel

118 3627 206 3674 rictum
215 3640 286 3685 quam
294 3626 448 3673 lautissimum
456 3626 505 3687 (vr.
515 3624 623 3683 ott-64)
634 3625 773 3671 veltaudem
778 3636 868 3669 amores
881 3621 929 3683 (vv.
936 3622 1058 3683 65-67).’
