2442 4059
89 306 158 357 „ens
171 307 188 343 1.
203 293 254 352 η]
445 292 726 341 ruraanaamno.
966 263 1047 359 7221

139 446 242 494 13-15.
262 442 373 507 [rusticus
383 441 477 505 mom]
495 444 549 491 Jam
560 446 645 505 triplex
661 445 770 506 proponit
780 447 915 506 exemplum
927 450 956 494 ab
969 449 1048 496 Asellri

101 512 204 559 minime
212 510 368 557 imitandum:
382 507 419 569 (l)
427 510 554 569 imaginem
561 512 641 556 rustici
651 525 739 570 agnum
748 512 791 556 sub
800 512 871 557 axilla
880 514 910 558 ad
917 522 1047 561 mercatum

100 577 210 633 ferentis,
221 575 343 621 ridiculam
355 582 451 633 propter
465 574 588 620 continuos
603 577 706 621 bestiolae
718 584 795 621 motus
805 585 830 622 et
846 591 926 623 curam
936 579 1046 635 hominis,

100 656 134 687 ne
144 642 171 688 in
182 642 258 687 solum
270 640 370 695 desiliat,
385 654 414 684 ue
426 640 455 684 ab
466 640 516 699 ipso
527 639 624 685 sortasse
635 642 740 686 laedatur.
757 639 796 702 (2)
808 643 823 666 “
832 642 962 701 Pyrrhiam,
973 645 1047 691 aucil-

99 706 150 752 lam
162 707 189 752 in
201 706 303 764 quadam
316 704 398 749 Titinii
418 703 503 759 fabula,
520 719 572 763 qnae
587 704 664 750 furata
675 706 752 751 lanam
764 705 865 752 dominae
876 722 932 762 suae,
951 717 1046 769 propter

98 771 267 817 temulentiam
278 769 311 815 ita
321 768 428 828 gestavit,
439 775 465 814 ut
476 769 536 814 facili
547 771 620 828 operi
630 770 868 830 deprehenderetur.”
887 774 958 818 Senot
966 797 998 807 -
1006 770 1044 835 (3)

99 832 223 896 [tribulis]
253 834 367 879 Homines
388 833 513 888 ambitiosi,
537 848 619 879 auram
640 835 777 894 popularem
799 844 926 895 captantes,
948 838 1045 885 tribules

99 900 175 947 etiam
186 899 336 960 pauperiores
345 898 395 943 ruri
405 899 517 957 degentes
524 900 554 944 ad
565 898 671 944 convivia
681 899 800 945 interdum
811 900 948 947 invitabant.
966 901 1046 962 (Prin-

99 965 167 1024 cipes
178 972 257 1011 autem
268 964 329 1009 cives
340 964 365 1008 in
377 974 450 1008 xxxi.
462 964 558 1009 rusticas
570 964 652 1019 tribus,
665 964 773 1010 homines
789 965 876 1011 infimae
889 967 957 1012 sortis
974 968 998 1013 in
1011 980 1044 1014 ιν.

99 1030 205 1075 urbanas
216 1035 334 1074 memento
345 1028 430 1073 relatos
440 1024 530 1085 fuisse.)
565 1028 706 1074 Rusticanus
717 1029 790 1088 igitur
801 1030 921 1075 Romanus
932 1031 1045 1079 invitatus

98 1109 115 1139 a
132 1094 215 1140 tribuli
230 1107 273 1139 suo
291 1093 406 1152 locuplete
424 1100 494 1152 atque
511 1090 596 1137 illustri
612 1108 659 1140 uon
678 1095 728 1139 sine
747 1095 848 1153 quidam
859 1098 1001 1142 verecundis
1018 1112 1044 1144 ac

100 1160 188 1205 timore
199 1173 213 1204 e
224 1157 275 1203 rico
287 1171 329 1203 suo
340 1158 365 1203 in
377 1158 458 1203 urbem
470 1156 546 1216 pergit
557 1158 672 1205 calceatus
684 1160 720 1204 vel
730 1166 870 1218 peronatus;
885 1160 940 1218 quia
950 1176 1045 1209 serrum

100 1237 151 1269 non
163 1224 242 1277 babet,
260 1230 322 1267 certe
333 1221 374 1281 qui
385 1237 443 1282 opus
454 1222 567 1267 rusticum
578 1222 686 1269 deserere
700 1223 781 1283 possit,
800 1223 850 1284 ipse
859 1226 939 1279 soleas,
958 1226 1043 1284 quibus

100 1288 201 1335 indutus
218 1288 242 1333 in
260 1287 387 1333 triclinium
404 1287 492 1333 intrare
511 1287 589 1342 debet,
606 1302 725 1333 unacum
742 1289 812 1347 pileo,
828 1304 874 1348 quo
891 1291 934 1334 sub
951 1299 1044 1337 noctem

101 1354 201 1399 domum
217 1361 335 1398 revertens
349 1359 418 1411 eaput
434 1359 537 1397 tecturus
551 1359 593 1406 est,
612 1354 656 1397 sub
673 1353 710 1398 ata
728 1361 812 1412 portat
845 1353 953 1413 Optimus
964 1363 1043 1401 autem

100 1418 175 1464 horno
193 1432 221 1463 eo
239 1417 342 1463 maxime
357 1416 469 1462 ridiculus
488 1416 523 1471 rit,
540 1416 604 1475 quod
623 1417 679 1462 dum
697 1426 878 1478 quantocunque
897 1427 974 1478 potest
990 1435 1045 1465 cum

100 1484 188 1529 decore
203 1482 272 1528 soleis
289 1482 353 1541 puris
370 1496 413 1527 nec
429 1481 525 1540 pulvere
540 1480 657 1541 adspersis
675 1482 700 1527 in
719 1482 847 1528 triclinium
864 1483 961 1529 introire
977 1493 1046 1543 parat

100 1547 239 1606 calceosque
250 1546 293 1591 sibi
306 1553 388 1592 exutos
400 1554 424 1592 et
434 1546 522 1605 pileum
537 1546 634 1591 atriensi
649 1546 728 1601 tradit,
745 1547 774 1592 iis
784 1548 901 1601 omnibus,
920 1548 961 1607 qui
972 1563 1046 1609 quum

100 1612 207 1658 maxime
217 1612 241 1656 in
251 1611 311 1657 atrio
322 1620 384 1666 sunt,
400 1618 424 1656 et
434 1610 543 1670 ingenuis
555 1618 578 1657 et
587 1611 678 1657 libertis
688 1620 713 1657 et
725 1611 797 1657 servis
812 1612 882 1658 nimis
893 1613 1006 1659 demissus
1018 1628 1045 1660 ac

101 1676 201 1722 timidus
212 1676 313 1721 videtur.

137 1740 176 1795 18,
190 1740 225 1787 19.
244 1736 348 1802 [oratus]
358 1740 470 1791 t‘ttuodsi
489 1740 568 1785 multis
586 1740 659 1786 etiam
672 1739 780 1799 precibus
793 1739 920 1786 illiusmodi
938 1741 1045 1789 homines

100 1806 265 1861 tentaverint,
284 1813 310 1851 ut
321 1804 378 1864 quid
389 1807 496 1863 Augusto
512 1813 621 1865 apportes
635 1804 679 1850 sibi
696 1806 767 1857 dicas,
785 1811 811 1850 tu
828 1805 875 1851 noli
889 1806 975 1865 loquax
986 1821 1045 1863 esss,

99 1872 144 1917 sed
156 1885 204 1931 quo
215 1879 238 1916 te
245 1870 305 1930 jussi
317 1884 396 1929 perge,
411 1871 484 1916 donec
494 1870 613 1930 adipsum
630 1879 654 1915 te
671 1870 780 1916 admittat
790 1870 953 1916 ostiariua.’-
961 1869 1045 1933 [nitere

95 1932 183 1997 porro]
204 1937 264 1995 pasl
278 1931 478 1996 forword—[ae
496 1930 591 1995 titubes]
616 1935 707 1981 Rursus
728 1934 811 1981 leviter
832 1935 892 1981 ludit
912 1936 937 1982 in
960 1937 1045 1983 Asello

100 2001 252 2060 cognomine.
284 2000 360 2045 ‘Cave
382 2014 420 2055 ne,
442 2008 469 2045 ut
490 1998 574 2045 accidit
595 1999 672 2045 asellis
693 2000 764 2045 nimis
785 2000 883 2053 onustis,
903 2010 930 2047 tu
952 2015 1045 2060 quoque

101 2067 192 2111 titubes
207 2064 320 2123 humique
338 2065 483 2123 procumbas,
497 2064 537 2110 nbi
554 2064 640 2109 lamam
657 2064 835 2124 transgredieris
845 2066 883 2110 vel
899 2080 941 2125 per
958 2066 1046 2111 clivum

100 2130 241 2183 descendes,
251 2130 330 2188 itaque
342 2144 394 2187 quas
405 2129 446 2174 tibi
458 2129 590 2175 concredidi
602 2130 759 2190 qualicunque
770 2125 856 2176 damno
866 2130 961 2185 afficias,
973 2130 1046 2176 veluti

101 2195 176 2255 capsa
186 2194 276 2253 collisa,
286 2193 443 2239 voluminibus
452 2193 509 2254 ipsis
520 2192 672 2240 madefactis!

458 2386 617 2435 EPISTOLA
634 2387 700 2433 XIV.

136 2519 242 2564 danunt.
259 2517 311 2564 Joci
321 2518 392 2563 causis
402 2516 471 2575 fingit
481 2530 506 2562 se
515 2516 591 2563 villico
602 2532 713 2576 nequam,
723 2531 823 2574 moroso,
833 2517 917 2574 bibaci,
927 2518 952 2564 in
963 2520 1047 2566 urbem

100 2583 190 2631 reverti
208 2582 311 2642 cupienti
327 2584 388 2631 banc
402 2582 524 2641 epistolam
538 2582 641 2641 mittere,
656 2584 705 2643 quia
720 2583 836 2642 significet
850 2583 899 2629 ruri
914 2585 936 2629 ei
947 2598 1046 2630 manen·

94 2650 162 2701 ¹dum
182 2662 245 2693 esse:
269 2662 294 2693 re
312 2648 367 2693 verit
384 2654 463 2693 autem
480 2646 525 2691 hac
542 2647 717 2706 scriptiuncula,
739 2662 810 2707 quam
828 2648 918 2694 villicus
937 2648 986 2707 ipse
1006 2648 1046 2694 vix

100 2726 209 2772 unquam
220 2712 286 2765 vidit,
302 2712 460 2757 demonstrare
474 2710 548 2757 voluit
562 2711 649 2770 iniquis
664 2712 721 2767 suis,
738 2712 778 2772 qui
795 2712 816 2758 ei
835 2721 930 2772 propter
941 2713 1047 2759 villulam

100 2793 117 2823 a
130 2778 260 2823 Mecenate
271 2778 380 2821 donatam
390 2775 496 2821 invidere
506 2776 621 2829 solebant,
633 2791 680 2821 non
691 2784 740 2822 tarn
750 2778 780 2824 ob
791 2776 866 2836 ipsam
877 2778 1047 2836 possessionem

100 2842 149 2889 sibi
160 2856 238 2888 caram
249 2855 380 2899 essequam
391 2848 521 2900 propterea,
537 2840 643 2900 quodibi
655 2850 758 2886 remotus
768 2843 797 2886 ab
809 2854 889 2887 eorum
901 2842 1047 2900 malignitate

101 2914 128 2953 et
142 2921 157 2953 a
172 2906 254 2952 ceteris
269 2905 377 2951 omnibus
395 2905 459 2950 urbis
476 2904 588 2951 molestiis
606 2905 733 2964 tranquillo
745 2905 825 2951 animo
835 2905 899 2951 virm
916 2907 1046 2966 studiisque

101 2973 178 3019 libere
189 2978 260 3017 vacet.
295 2970 385 3030 Scripta
395 2971 488 3016 videtur
501 2969 632 3015 Kirchnero
644 2981 667 3014 a·
680 2982 704 3015 u.
716 2982 739 3015 c.
750 2968 805 3023 732.

137 3035 208 3082 1-3.
227 3032 294 3096 [mibi
311 3051 344 3082 rae
358 3029 486 3094 reddentis]
503 3035 574 3093 ‘quia
591 3049 664 3094 quum
676 3034 757 3079 Romae
774 3034 835 3093 dego
851 3034 951 3081 aliorum
969 3034 1046 3094 potius

100 3114 157 3147 sarm
168 3114 240 3159 quam
251 3099 297 3146 mei
309 3100 395 3159 ipsius;
412 3100 460 3145 ruri
472 3100 530 3145 mihi
541 3100 602 3154 vivo,
617 3108 644 3145 ut
654 3098 714 3155 volo,
729 3106 754 3145 et
763 3102 793 3145 ab
804 3099 885 3146 officiis
900 3100 1046 3159 negotiisque

101 3165 201 3211 urbanis
215 3178 253 3210 me
268 3164 386 3211 relicinae
401 3165 494 3211 recreo!
529 3164 620 3211 Barthii
636 3164 694 3209 illud
710 3180 744 3212 aas
759 3167 897 3220 redimentis,
916 3165 1005 3210 Seneca
1022 3172 1046 3209 et

102 3230 182 3277 Plinio
193 3229 287 3289 dignius
298 3238 334 3275 est
344 3243 414 3289 quam
428 3229 572 3277 Horatio.-
580 3225 632 3290 [ta]
650 3229 705 3288 ‘qui
722 3238 778 3276 ante
791 3244 842 3276 eras
856 3231 881 3275 in
893 3230 946 3274 meri
956 3228 1047 3274 familia

101 3295 203 3349 urbana,
215 3308 293 3339 meum
304 3293 406 3339 fundum
415 3293 513 3349 fastidis,
529 3294 636 3353 quamvis
645 3308 700 3339 eum
710 3294 817 3341 habitent
829 3296 933 3353 quinque
944 3293 1046 3348 familie,

99 3362 137 3407 ita
147 3360 245 3413 utboni,
257 3359 282 3404 id
293 3367 337 3413 est,
354 3359 444 3405 strenui
458 3367 529 3419 atque
540 3358 642 3414 honesti,
658 3359 836 3418 patresfamilias
847 3360 902 3405 inde
914 3358 1009 3402 Variam
1020 3373 1046 3404 se

100 3422 210 3471 conferre
220 3424 312 3470 soleant
326 3424 356 3469 ad
372 3422 489 3469 nundinas
506 3424 627 3470 obeundas
643 3432 668 3469 et
684 3424 779 3482 quando
795 3424 913 3484 oppidana
929 3423 1046 3467 habentur

101 3488 199 3537 comitia
209 3489 317 3534 creandis
328 3488 458 3533 duumviris
465 3488 514 3547 iuri
526 3488 639 3547 dicundo,
650 3489 757 3534 aedilibus
776 3488 906 3545 ceterisque
922 3486 1047 3543 magistra-

101 3556 168 3601 tibus
186 3552 383 3613 municipalibus!
393 3576 425 3585 -
436 3552 514 3608 Vario,
531 3553 645 3613 oppidum
661 3554 687 3598 in
706 3553 798 3599 Sabinis
817 3551 881 3606 olim,
903 3565 965 3595 nunc
983 3551 1047 3597 vicus

102 3618 232 3666 imminens
250 3617 339 3664 Anieni
361 3618 392 3663 ad
412 3624 520 3663 octavum
539 3617 643 3678 lapidem
664 3618 727 3663 ultra
746 3617 820 3663 Tibur
840 3615 866 3663 in
887 3614 926 3661 via
946 3615 1047 3663 Valeria.

106 3684 186 3731 Hodie
201 3682 315 3731 Vicoooro.
