2442 4059
154 220 196 280 36
427 236 628 279 sarrnanum
650 236 717 280 nm.
734 238 772 279 11.
787 221 818 281 3,

159 384 301 471 Coeperis
315 386 441 471 impexa
454 386 570 451 foedum
586 386 770 474 porrigine?
813 386 931 464 Quare,

161 471 194 536 Si
211 472 333 557 quidvis
347 473 420 535 satis
435 487 492 549 est,
510 474 657 559 perjuras,
673 473 808 559 surripis,
823 475 926 538 aufers

160 557 336 641 Undique?
359 560 422 622 tun’
438 558 555 623 sanus?
601 559 755 645 Populum
769 560 794 624 si
810 560 928 624 caedere
942 561 1024 625 saxis

159 644 306 727 Incipias,
321 666 497 729 servosque,
515 660 568 710 tuo
583 667 660 730 quos
674 669 734 711 acre
749 646 874 732 pararis,

160 730 307 793 Insanum
324 746 354 793 te
370 752 476 795 omnes
491 732 578 817 pueri
594 732 788 817 clamentque
804 731 932 816 puellae:
1036 736 1097 797 130

162 815 268 890 Quum
285 815 395 901 laqueo
412 840 538 881 uxorem
553 817 713 893 interimis,
730 831 920 902 matremque
936 841 1067 894 veneno,

161 901 313 964 Incolumi
339 903 437 988 capite
463 902 521 969 es?
566 903 652 979 Quid
681 903 790 968 enim?
836 903 948 989 Neque
977 916 1011 969 tu
1040 905 1099 969 hoc

244 989 318 1052 facis
336 989 438 1074 Argis,

160 1072 230 1136 Nec
245 1075 325 1137 ferro
341 1088 375 1138 ut
389 1076 515 1139 demens
530 1075 713 1161 genitricem
728 1074 841 1139 occidis
857 1074 995 1141 Orestes.

160 1160 213 1222 Au
230 1172 263 1222 tu
278 1161 353 1224 reris
368 1182 439 1223 eum
454 1161 552 1226 occisi
568 1161 717 1226 insanisse
732 1173 870 1245 parente,

160 1247 285 1309 Aenon
301 1260 372 1310 aute
388 1247 474 1312 malis
490 1248 666 1311 dementem
679 1262 782 1310 actum
801 1247 912 1323 Furiis,
929 1270 1021 1333 quam
1036 1252 1096 1313 135

160 1330 198 1393 1η
215 1332 318 1395 unatris
329 1333 441 1418 jugulo
455 1334 568 1397 ferrum
584 1333 732 1417 tepefecit
745 1332 896 1397 acutum?

48 1470 51 1479 ,
162 1415 260 1494 Quin,
278 1441 316 1481 ex
332 1441 393 1503 quo
409 1419 530 1483 habitus
546 1420 625 1484 male
640 1431 716 1484 tutae
731 1418 842 1483 mentis
859 1419 996 1496 Orestes,

162 1502 217 1566 Nil
232 1526 305 1567 sane
320 1504 402 1581 fecit,
419 1505 500 1589 quod
517 1517 550 1569 tu
565 1504 791 1589 reprehendere
807 1506 920 1589 possis3

161 1588 234 1651 Nou
253 1589 392 1673 Pyladen
408 1592 488 1655 ferro
504 1591 619 1654 violare
633 1613 763 1655 aususve
777 1613 912 1654 sororem
926 1602 974 1655 est

162 1674 334 1752 Electram3
359 1689 476 1741 tantum
493 1677 571 1740 male
586 1677 663 1741 dicit
676 1676 809 1761 utrique,
825 1676 961 1740 vomndo
1036 1681 1096 1741 140

160 1758 254 1824 Hanc
271 1761 405 1835 Furiam,
422 1763 504 1826 huuc
517 1763 611 1838 aliud,
623 1762 716 1848 jussit
731 1762 812 1847 quod
827 1762 988 1847 splendida
1001 1763 1082 1830 bilis.

161 1845 284 1931 Pauper
301 1848 445 1932 Opimius
459 1849 580 1934 argenti
596 1848 687 1933 positi
703 1848 786 1911 intus
800 1860 833 1912 et
845 1848 921 1925 auri,

161 1930 226 2006 Qui
244 1932 449 1999 Veientanum
465 1935 551 2001 festis
566 1948 671 2020 potare
686 1932 795 1997 diebus

161 2018 319 2103 Campana
335 2021 441 2085 solitus
456 2020 557 2097 trullsi,
574 2042 767 2106 vappamque
783 2020 934 2105 profestis,

159 2103 324 2176 Quondam
341 2106 479 2193 lethargo
493 2106 602 2193 grandi
619 2119 666 2169 est
679 2127 851 2190 oppressus,
869 2120 904 2169 ut
918 2107 1013 2170 haeres
1034 2111 1096 2171 145

160 2189 230 2253 Jam
246 2192 360 2255 circum
376 2193 491 2256 loculos
506 2204 537 2255 et
552 2192 652 2273 claves
668 2192 756 2255 laetus
769 2214 926 2276 ovansque

161 2275 316 2341 Curreret
363 2278 459 2341 Hunc
473 2278 610 2341 medicus
625 2277 755 2340 multum
770 2276 851 2341 celer
866 2291 960 2362 atque
974 2277 1075 2342 fidelis

160 2360 287 2426 Excitat
301 2364 359 2427 hoc
374 2377 482 2448 pacto:
507 2386 644 2427 mensam
660 2362 732 2448 poni
743 2361 836 2446 jubet
849 2377 943 2448 atque

159 2446 287 2512 Effundi
303 2472 406 2513 saccos
420 2472 634 2523 nummornm3
656 2448 803 2513 accedere
818 2448 922 2532 plures

159 2533 211 2596 Ad
248 2534 490 2599 numerandum:
525 2535 681 2598 hominem
717 2534 761 2599 sic
796 2534 908 2622 erigit3
943 2535 1029 2599 addit
1065 2548 1098 2603 et

244 2619 318 2683 illud
1036 2626 1096 2686 150

160 2702 203 2766 Ni
219 2715 272 2768 tua
286 2666 429 2781 cu’stodis
445 2705 552 2770 avidus
562 2706 629 2791 jam
644 2705 709 2771 lraec
723 2707 843 2770 auferet
856 2706 963 2773 haeres.

160 2788 250 2853 Men'
267 2790 359 2856 vivo?
404 2791 452 2857 Ut
466 2792 550 2857 vivas
567 2791 672 2879 igitur,
689 2792 800 2879 vigila:
824 2793 882 2859 hoc
895 2817 964 2881 age.
1009 2793 1097 2867 Quid

242 2876 311 2941 vis?

157 2959 318 3026 Deficient
332 2963 456 3047 inopem
473 2986 559 3028 venae
574 2975 616 3039 te,
632 2964 665 3028 ni
680 2964 767 3028 cibus
780 2976 874 3049 atque
979 3026 982 3032 .

158 3046 276 3133 lugens
290 3050 409 3113 accedit
423 3051 578 3114 stomacho
594 3049 708 3115 fultura
722 3051 832 3114 ruenti.

158 3132 211 3197 Tu
223 3134 342 3198 cessas?
364 3136 507 3221 agedum,
520 3159 606 3201 sume
619 3138 677 3200 hoc
689 3137 888 3222 ptisanarium
903 3159 1016 3223 oryzae.
1034 3141 1095 3201 155

158 3218 430 3368 QuanFqihemptael
468 3221 577 3286 Parvo.
624 3222 743 3298 Quanti
759 3221 859 3309 ergo?
902 3222 1096 3288 Octussibus.

294 3330 352 3371 eu.

157 3388 243 3464 Quid
259 3394 362 3468 refert,
380 3391 495 3468 morbo,
510 3416 550 3457 an
566 3394 656 3458 furtis
670 3416 835 3477 pereamve
850 3393 991 3478 rapinis?

156 3475 308 3548 Quisnam
344 3478 439 3565 igitur
474 3478 594 3543 sanus?
640 3477 706 3553 Qui
742 3501 805 3543 non
840 3481 962 3545 stultus.
1007 3480 1097 3555 Quid

239 3564 370 3629 avarus?
