2442 4059
399 278 597 324 samareum
619 280 687 323 nra.
704 280 726 322 1.
740 264 771 323 {t
1035 265 1054 324 7

119 430 290 497 Nobiscum
305 431 390 506 vivit,
407 431 537 495 multum
552 430 701 495 demissus
716 431 825 506 bomo;
848 432 892 494 illi

119 516 226 581 Tardo
241 541 412 603 cognomen
426 518 478 603 pin
503 517 535 580 ui
550 530 582 581 et
596 517 713 581 damus.
760 517 823 581 Hic
837 517 919 604 fugit
933 540 1039 581 omnes

119 603 261 681 Insidias,
278 604 417 689 nullique
432 542 512 667 maio
528 604 606 668 latus
620 603 706 667 obdit
719 617 870 688 apertum,

120 688 228 763 Quum
243 712 342 775 genus
358 690 416 754 boc
430 689 510 754 inter
524 689 596 754 vitae
611 704 759 765 versetur,
776 689 828 753 ubi
843 690 920 753 acris
1012 693 1053 751 60

119 774 242 840 Invidia
255 791 349 861 atque
366 776 473 861 vigent
486 776 540 839 ubi
556 775 702 839 crimina:
726 797 781 860 pro
798 776 876 839 bene
890 798 964 839 sano

118 862 243 925 Aenon
260 862 393 938 incauto,
410 862 515 925 lictum
530 874 727 946 astutumque
741 884 894 926 vocamus

119 945 296 1032 Simplicior
312 948 380 1032 quis
395 959 427 1011 et
442 961 497 1022 est,
511 948 634 1032 qualem
650 970 699 1010 me
713 970 795 1032 saepe
812 947 942 1013 libenter

117 1032 295 1097 Obtulerim
312 1034 378 1111 tibi,
396 1032 563 1110 Maecenas,
580 1046 615 1097 ut
628 1033 706 1097 forte
721 1033 877 1118 legentem

117 1118 187 1183 Ant
200 1120 325 1184 tacitum
342 1119 480 1205 impellat
495 1119 603 1205 quovis
618 1141 757 1182 sermone
773 1119 935 1184 molestus:
1013 1125 1054 1181 65

119 1204 286 1268 Communi
301 1228 393 1269 sensu
408 1205 499 1291 plane
514 1217 607 1280 caret,
624 1205 789 1290 inquimus.
836 1205 935 1282 Eheu,

118 1289 223 1364 Quam
240 1303 355 1355 temere
369 1292 401 1355 in
417 1305 538 1356 nosmet
552 1291 655 1377 legem
670 1292 822 1355 sancimus
836 1292 975 1376 iniquam
989 1290 996 1355 l

118 1375 200 1439 Nam
216 1376 299 1442 vitiis
313 1400 405 1441 nemo
419 1377 486 1441 sine
501 1377 655 1452 nascitur3
675 1377 809 1463 optimus
824 1377 876 1440 ille
891 1391 947 1453 est,

117 1460 185 1535 Qui
200 1462 334 1527 minimis
350 1475 486 1549 urgetur.
531 1463 661 1526 Amicus
675 1462 781 1539 dulcis,
796 1474 830 1527 ut
843 1485 965 1548 aequum
982 1479 1038 1536 est,

117 1548 201 1611 Cum
216 1571 286 1612 mea
301 1561 478 1634 compenset
493 1549 575 1612 vitiis
591 1549 680 1623 bona,
696 1549 834 1633 pluribus
850 1550 942 1626 bisce,
1013 1554 1052 1612 70

119 1633 155 1695 Si
169 1634 260 1698 modo
274 1635 363 1720 plura
377 1634 452 1698 mibi
468 1635 548 1698 bona
562 1647 643 1711 snut,
660 1634 796 1710 inclinet,
812 1635 907 1698 amari

118 1719 154 1783 Si
169 1720 268 1785 volet:
294 1721 350 1784 bac
365 1720 445 1807 lege,
461 1722 492 1783 in
510 1720 625 1785 trutind
640 1735 771 1806 ponetur
787 1720 904 1784 eudem.

117 1804 195 1882 Qui,
212 1829 251 1870 ne
266 1806 425 1871 tuberibus
440 1806 570 1892 propriis
585 1805 720 1870 offendat
733 1806 875 1882 amicum,

116 1890 268 1967 Postulat,
284 1892 425 1979 ignoscet
438 1892 572 1955 verrucis
587 1892 685 1955 illius:
709 1915 832 1977 aequum
847 1905 903 1969 est,

117 1976 260 2042 Peccatis
274 1978 397 2042 veniam
411 1993 588 2063 poscentem
604 1977 731 2042 reddere
746 2001 858 2044 rursus
1012 1982 1052 2042 75

114 2061 276 2148 Denique,
292 2066 446 2149 quatenns
461 2063 562 2127 excidi
577 2064 699 2148 penitus
714 2064 823 2127 vitium
837 2064 900 2139 irae,

117 2149 234 2213 Cetera
248 2150 323 2213 item
338 2161 499 2234 nequeunt
513 2150 614 2213 stultis
629 2149 792 2225 haerentia3
815 2173 869 2213 cur
884 2172 944 2212 non

116 2234 313 2299 Ponderibus
327 2236 519 2320 modulisque
534 2236 596 2299 suis
611 2237 687 2299 ratio
703 2236 808 2311 utitur,
824 2258 869 2310 ac,
886 2258 933 2299 res

117 2320 167 2385 Ut
182 2343 314 2406 quaeque
330 2328 386 2398 est,
403 2322 446 2385 ita
460 2321 619 2406 suppliciis
632 2321 744 2385 delicta
758 2320 901 2385 coercet?

116 2406 154 2471 Si
169 2408 239 2492 quis
253 2429 324 2471 eum
339 2430 471 2483 servum,
487 2407 623 2492 patinam
638 2407 692 2492 qui
707 2406 814 2470 tollere
824 2408 929 2492 jussus
1012 2411 1052 2471 80

116 2493 262 2557 Semesos
277 2494 376 2578 pisces
391 2493 592 2577 tepidumque
607 2492 775 2578 ligurrierit
786 2494 849 2578 jus,

115 2578 156 2641 In
173 2601 262 2643 cruce
277 2579 408 2665 suffigat,
427 2578 573 2643 Labeone
588 2578 722 2643 insanior
737 2579 817 2642 inter

117 2664 218 2729 Sanos
233 2665 360 2729 dicatur.
406 2664 533 2740 Quanto
547 2665 605 2729 hoc
620 2663 762 2728 furiosius
776 2677 870 2749 atque

116 2750 227 2835 Majus
242 2763 401 2835 peccatum
419 2749 483 2816 est!
519 2750 660 2814 Paullum
677 2750 807 2835 deliquit
820 2750 945 2827 amicus,

115 2835 214 2910 Quod
228 2837 289 2901 nisi
303 2837 460 2911 concedas,
477 2836 608 2900 habeare
622 2835 757 2900 insuavis
770 2860 778 2911 ;
791 2836 919 2899 acerbus
1009 2841 1050 2900 85

117 2921 222 2987 Odisti
238 2934 270 2986 et
280 2922 373 3009 fugis,
389 2934 425 2987 ut
440 2922 599 2985 Rusonem
615 2921 734 2985 debitor
748 2920 841 2986 aeris?

117 3006 186 3082 Qui
200 3009 269 3085 nisi,
286 3031 381 3093 quum
397 3009 498 3073 tristes
513 3007 624 3071 misero
638 3030 750 3071 venere
767 3007 924 3083 Calendae,

116 3092 302 3158 Mercedem
316 3106 371 3158 aut
385 3116 526 3157 nummos
541 3093 623 3157 unde
638 3094 719 3157 unde
734 3094 872 3170 extricat,
888 3114 1006 3158 amaras

116 3180 268 3244 Porrecto
278 3181 391 3266 jugulo
407 3180 555 3257 historias,
572 3179 711 3265 captivus
726 3193 768 3255 ut,
785 3180 881 3245 audit.

115 3264 201 3340 Quis
216 3266 300 3351 paria
315 3288 381 3330 esse
396 3268 460 3330 fere
475 3265 591 3351 placuit
605 3276 739 3351 peccata,
756 3265 904 3341 laborant,
1011 3267 1052 3325 90

116 3351 226 3426 Quum
252 3364 378 3417 ventum
408 3353 447 3416 ad
472 3374 579 3415 verum
601 3363 666 3417 esta
693 3373 799 3415 sensus
821 3371 982 3435 moresque
1004 3370 1053 3412 re·
1147 3400 1149 3404 .

114 3451 447 3608 Atqubuiiiddnrililitas,
460 3523 536 3609 justi
550 3544 647 3608 prope
662 3532 760 3585 mater
775 3533 806 3586 et
821 3520 911 3605 aequi.
987 3596 992 3605 .

114 3608 226 3683 Quum
241 3620 460 3696 prorepserunt
474 3606 737 3756 primisnapimalia
751 3605 850 3681 terris,
