2442 4059
174 269 194 327 6
457 281 657 331 sarrnnnum
679 280 747 324 ura.
764 282 786 325 1.
802 264 832 325 3.

176 433 314 501 Maenius
328 433 488 499 absentem
504 433 641 498 Novium
657 432 730 496 dum
745 445 902 519 carperet:
919 432 1010 498 Heus
1025 444 1069 511 ιιι,

178 521 315 596 Quidam
329 520 381 597 ait,
398 519 521 607 ignoras
535 519 591 583 tel
606 542 646 584 an
662 532 697 583 ιιι
711 519 852 605 ignotum
866 518 939 583 dare
953 519 1043 584 nobis

177 607 282 671 Verba
297 605 410 692 putas?
454 605 589 693 Egomet
604 606 646 669 mi
661 606 797 692 ignosco,
817 603 952 669 Maenius
967 605 1079 691 inquit.

179 693 299 758 Stultus
314 705 346 757 et
361 691 518 777 improbus
534 692 584 756 bic
598 714 683 756 amor
699 704 754 767 est,
771 692 945 778 dignusque
960 691 1070 757 notari.

180 779 287 854 Quum
303 789 357 842 tua
371 778 531 864 pervideas
547 777 642 843 oculis
657 777 736 841 male
751 777 853 863 lippus
868 776 1012 854 inunctis,
1071 780 1114 840 25

178 866 244 929 Cur
258 865 290 929 iu
305 864 471 939 amicorum
488 864 570 929 vitiis
585 874 648 928 tam
663 862 762 928 cernis
776 875 911 939 acutum,

177 951 281 1026 Quam
304 962 357 1015 aut
380 950 484 1036 aquila
501 963 555 1015 aut
578 972 705 1036 serpens
730 947 942 1035 Epidaurius?
986 948 1032 1013 At
1056 948 1116 1013 tibi

264 1050 371 1102 contra

177 1122 303 1197 Evenit,
319 1122 478 1209 inquirant
492 1122 567 1187 vitia
582 1134 617 1185 nt
631 1133 685 1186 tua
698 1144 803 1187 rursus
817 1133 849 1185 et
863 1120 919 1187 illi.

179 1209 358 1273 iracundior
373 1221 420 1274 est
434 1208 547 1294 paullo,
562 1209 666 1272 minus
679 1219 770 1293 aptus
783 1206 882 1272 acutis

177 1295 312 1359 Naribus
327 1294 436 1359 horum
453 1294 631 1369 hominum3
653 1293 746 1357 rideri
762 1293 866 1379 possit,
883 1291 1018 1377 eoquod
1072 1296 1116 1356 30

178 1381 337 1446 Rustieius
353 1394 441 1445 tonso
456 1394 529 1466 toga
543 1380 662 1456 defluit,
679 1393 711 1445 et
724 1381 804 1444 male
819 1379 907 1443 laxus

179 1468 217 1530 In
234 1467 313 1551 pede
329 1467 449 1531 calceus
463 1467 578 1542 haeret3
600 1479 633 1531 at
647 1477 695 1531 est
709 1466 817 1541 bonus,
833 1478 869 1529 ut
883 1464 990 1528 melior
1005 1462 1052 1528 vir

181 1552 360 1654 Nouoalius
390 1553 563 1639 quisquam,
593 1566 626 1618 at
654 1552 711 1617 tibi
738 1552 864 1627 amicus,
893 1565 926 1615 at
955 1550 1118 1637 ingenium

262 1661 292 1702 1n
319 1662 374 1703 eus

179 1664 393 1789 lneultoglatet
407 1725 465 1789 hoc
479 1724 536 1789 sub
552 1746 688 1826 corpore.
726 1722 875 1808 Denique
891 1735 921 1786 te
936 1722 1037 1807 ipsum

178 1811 330 1887 Concute,
348 1834 422 1875 num
438 1833 499 1895 qua
515 1810 571 1873 tibi
586 1811 730 1875 vitiorum
745 1808 892 1873 inseverit
905 1808 978 1872 olim
1072 1812 1116 1870 35

178 1896 308 1973 Natura,
324 1896 484 1961 autetiam
500 1897 690 1961 consuetudo
705 1896 800 1970 mala3
823 1916 958 1979 namque

179 1982 339 2069 Negleetis
356 1983 472 2046 urenda
486 1982 551 2045 filix
566 1982 735 2048 innascitur
748 1980 840 2067 agris.

180 2068 259 2132 Illuc
274 2080 502 2153 praevertemur,
519 2082 687 2133 amatorem
702 2068 785 2153 quod
798 2066 905 2131 amieae

180 2154 301 2239 Turpia
315 2154 474 2239 decipiunt
488 2177 603 2218 caecum
619 2154 702 2231 vitia,
718 2168 772 2218 aut
787 2153 879 2217 etiam
893 2153 960 2237 ipsa
974 2151 1040 2215 haec

180 2238 358 2318 Delectant,
376 2240 471 2304 veluti
488 2239 655 2304 Balbinum
671 2240 803 2326 polypus
821 2239 952 2325 Hagnae.
1076 2242 1118 2301 40

178 2324 302 2389 Vellem
317 2326 348 2390 in
364 2326 498 2390 amicitiai
514 2324 557 2391 sic
572 2349 753 2403 erraremus,
768 2336 801 2389 et
814 2325 865 2389 isti
1026 2330 1034 2341 “

179 2410 284 2476 Ειιοιί
301 2434 412 2476 nomen
429 2412 525 2477 virtus
540 2411 692 2498 posuisset
707 2412 878 2476 honestum.

179 2498 225 2561 At
240 2510 327 2582 pater
342 2510 376 2562 ut
390 2499 487 2583 gnati,
504 2498 547 2562 sic
561 2521 618 2562 nos
633 2498 780 2563 debemus
794 2496 895 2572 amici,

180 2582 215 2646 Si
231 2585 313 2668 quod
328 2584 367 2649 sit
382 2585 501 2660 vitium,
520 2607 581 2647 non
596 2584 751 2649 fastidire:
776 2584 952 2648 strabonem

179 2670 330 2755 Appellat
344 2682 457 2755 paetum
473 2683 569 2757 pater,
586 2683 619 2735 et
633 2671 763 2756 pullum,
778 2669 857 2733 male
873 2689 985 2754 parvus
1076 2670 1120 2730 45

181 2754 216 2818 Si
232 2757 281 2818 cui
297 2756 377 2820 filius
393 2770 448 2833 est,
466 2770 501 2821 ut
515 2757 670 2821 abortivus
684 2757 744 2820 fuit
758 2754 831 2819 olim

182 2840 350 2925 Sisyphus;
374 2842 456 2906 hune
470 2839 576 2907 varum
591 2842 726 2907 distortis
740 2841 898 2914 cruribus3
923 2839 1009 2903 illum

182 2926 323 2992 Balbutit
337 2951 478 2993 scaurum
494 2928 594 3013 pravis
611 2929 722 2992 fultum
737 2927 816 2991 male
832 2926 910 2991 talis.

182 3012 308 3077 Parcius
323 3014 373 3078 bie
388 3015 480 3079 vivit:
504 3015 587 3099 frugi
603 3014 731 3080 dicatur.
777 3012 907 3098 Ineptus

181 3097 224 3162 Et
234 3100 400 3182 jactantior
415 3100 465 3164 bic
480 3100 582 3185 paullo
598 3111 662 3164 est:
686 3097 855 3164 concinnus
868 3096 974 3162 amieis
1077 3100 1120 3157 50

181 3185 321 3250 Postulat
336 3198 371 3250 ut
386 3186 534 3251 videatur.
582 3186 626 3251 At
641 3198 687 3250 est
702 3184 904 3250 truculentior
917 3196 1012 3267 atque

181 3271 256 3334 Plus
271 3294 361 3356 aequo
375 3271 471 3335 liber:
496 3273 629 3357 simplex
644 3271 792 3357 fortisque
808 3270 966 3335 habeatur.

180 3356 306 3420 Caldior
321 3370 384 3421 est:
408 3381 493 3421 aeres
509 3357 590 3421 inter
605 3370 793 3422 numeretur.
839 3354 971 3439 Opinon,

180 3442 260 3506 Haec
273 3466 323 3507 res
338 3455 370 3506 et
379 3444 497 3528 jungit,
509 3446 636 3526 junctos
650 3456 683 3507 et
697 3454 798 3507 servat
812 3440 935 3505 amieos.

180 3529 225 3588 Αι
240 3550 295 3592 nos
310 3529 438 3593 virtutes
454 3529 534 3613 ipsas
548 3528 740 3603 invertimus,
755 3538 849 3612 atque
1078 3529 1120 3587 55

183 3610 345 3678 Sincerum
361 3614 502 3699 cupimus
517 3636 569 3678 vas
583 3614 762 3677 incrustare.
808 3609 929 3675 Probus
944 3608 1013 3695 quis
