2442 4059
190 277 252 348 124
423 264 428 279 ‘
512 276 797 328 rucnnrnnrsrro.
1056 277 1130 342 [sn.

184 447 228 480 voa
244 431 378 480 commodi:
393 430 538 477 ‘dummodo
554 430 623 478 dictis
638 429 688 476 auis
703 428 852 476 mordacibus
869 429 968 475 lectores
978 429 1132 477 vehementer

186 500 264 545 ridere
274 508 342 558 cogat
352 497 366 551 ς’
374 519 406 533 ·-
417 492 540 557 [illeocrit]
558 495 710 556 contemptim
721 495 751 540 de
762 494 907 554 negligendi
920 494 946 540 in
959 494 1132 541 scribendo.—

187 561 215 624 [o
224 559 309 624 sorno]
327 577 341 608 a
354 561 453 621 pistrino
469 569 493 606 et
509 575 576 619 nque
592 560 754 620 receptaculis,
770 573 870 618 quorum
887 571 942 605 occ.
957 558 983 605 iu
996 560 1062 605 Urbe
1077 559 1133 606 feeit

187 630 220 676 Μ.
240 628 352 688 Agrippa.
372 625 432 673 Ptin.
453 624 493 682 ³6,
515 625 552 672 lt.
593 626 688 672 Gaudet
706 624 780 684 igitur
797 625 882 684 plausu
900 623 1024 670 hominum
1042 624 1131 670 infima

185 693 261 740 sortia

219 755 323 811 38-47.
341 753 469 818 [Primum]
486 754 541 801 Non
556 753 664 815 sequitur
676 755 776 806 deinde:
792 753 900 812 exempla
916 753 988 814 hujus
1003 761 1131 800 consuetu·

186 821 248 868 dinis
265 822 290 868 in
305 822 410 867 oratione
425 819 557 866 incitatiore
574 820 646 865 habet
662 820 770 866 Goerena
786 819 816 864 ad
832 818 881 864 cte·
895 819 926 863 de
940 819 1013 876 legg.
1030 819 1055 875 3,
1066 820 1090 866 il.
1099 845 1132 856 -

187 883 341 949 [decerpam]
357 900 399 946 pro
410 888 416 911 ‘
426 885 550 945 excipiam,
566 885 668 931 eximam
678 884 684 907 ¹
697 881 769 931 etiam
779 883 806 929 in
816 883 885 943 prosi
896 897 930 928 or.
954 884 1003 930 cie„
1013 884 1044 929 de
1055 885 1096 930 Or.
1108 885 1132 939 2,

188 950 226 1009 11,
237 968 280 999 oon
294 954 361 1005 onim,
378 953 399 997 ai
416 956 450 997 ert
459 947 566 1008 ¹facilius,
584 965 610 996 eo
620 951 648 996 de
659 954 830 996 macero-eat
846 945 1132 1010 emmenum-[con-

185 1013 290 1076 cludere]
309 1018 356 1062 Sat.
371 1015 443 1075 t,10,
460 1015 501 1072 59,
510 1016 607 1074 pedidus
622 1015 679 1076 qoid
693 1015 799 1060 claudere
812 1009 1054 1074 aesia-[Semoni]
1072 1028 1131 1073 quo-

186 1082 284 1128 tidiano.
293 1106 326 1115 -
335 1075 490 1142 [conaturum]
509 1079 547 1125 Sic
562 1080 626 1139 opud
638 1079 687 1125 Cic.
697 1092 791 1138 semper
801 1083 961 1138 prestatura
969 1101 1005 1111 —
1013 1074 1130 1139 [quidun]

187 1146 340 1192 Grammatici
361 1143 521 1191 Alexandrini.
559 1143 607 1190 Cic.
627 1145 691 1189 Orat.
712 1143 752 1198 20,
772 1143 842 1189 Vrdeo
858 1144 930 1188 vitum
951 1157 1000 1189 eoae
1018 1144 1133 1189 amnuit

187 1213 293 1258 Platonis
303 1217 326 1258 et
337 1211 463 1258 Democriti
473 1210 611 1262 locutionem,
622 1211 667 1255 etsi
676 1210 739 1254 obsit
748 1224 764 1254 o
773 1223 847 1262 matt,
858 1213 933 1254 tm
943 1209 1004 1268 qood
1013 1210 1133 1255 iacitotiaa

181 1275 277 1337 seram
286 1283 310 1323 et
320 1276 453 1322 clarissimis
463 1275 580 1321 verborum
591 1274 714 1320 luminibus
724 1279 813 1332 utatur,
824 1274 901 1332 potior
915 1287 995 1332 potato
1004 1274 1133 1332 putmdoar

187 1357 254 1403 quom
265 1343 396 1388 comicorum
404 1345 530 1400 poetarum,
545 1339 608 1398 opud
624 1353 679 1399 quoe
694 1340 741 1384 siai
753 1339 815 1399 quod
828 1338 935 1383 uersiculi
948 1343 1011 1396 aeut,
1029 1339 1090 1384 nitet
1098 1342 1133 1384 sat

187 1408 252 1453 aliud
261 1406 389 1467 quotidiani
399 1405 508 1451 dissimile
518 1405 632 1450 amonis.
642 1427 675 1436 -
682 1399 814 1464 [Μία]
832 1401 914 1460 utique
925 1416 993 1457 nova,
1004 1402 1132 1448 Menandri

186 1481 210 1517 et
222 1464 522 1529 Philemone-[meros]
536 1468 617 1528 ‘quod
633 1467 707 1528 igitur
720 1467 835 1513 comedia
845 1481 923 1512 sermo
933 1474 1067 1523 meritant,
1086 1467 1132 1513 nisi

187 1537 251 1596 quod
263 1545 339 1581 metro
349 1537 378 1580 sb
390 1535 433 1580 hoc
444 1532 537 1580 differt!

220 1599 324 1648 iil-64.
343 1593 630 1661 [Tempora-modosque]
648 1597 736 1657 ‘pedea
746 1603 770 1641 et
780 1596 869 1656 pedum
879 1595 963 1641 seriem
973 1595 1134 1656 rhythmicam

188 1679 243 1711 curn
260 1665 354 1712 caesuria
373 1658 619 1722 tegitimtsJ-[Pose
688 1658 700 1722 ]
718 1662 803 1708 Veraua
819 1658 892 1706 Ennii
907 1661 1004 1706 tectibus
1015 1661 1093 1707 Schol.
1108 1667 1133 1706 et

189 1731 253 1776 Serv.
273 1731 303 1775 ud
323 1729 378 1775 AEn.
401 1727 424 1783 7,
440 1727 537 1775 622-
547 1677 729 1788 [Bellii'iidago
747 1726 871 1785 desumpta
888 1739 903 1771 a
923 1725 985 1771 lano
1002 1733 1135 1785 aperto.-

190 1791 271 1856 [etiom
281 1789 384 1855 disjecti]
403 1793 472 1838 ‘Non
489 1791 514 1836 in
531 1791 589 1837 meis
602 1791 707 1837 versibus
722 1790 805 1836 solutis
819 1789 924 1835 invenias
938 1792 1043 1836 mentm
1057 1797 1134 1850 poete

189 1858 296 1918 quamvis
307 1857 404 1918 diaJ'ecti,
423 1863 449 1902 ut
459 1855 565 1903 invenies
576 1855 601 1902 ln
614 1856 718 1902 versibus
729 1855 766 1901 hia
777 1854 893 1901 Ennianis
903 1855 974 1901 rerba
985 1863 1010 1901 et
1019 1855 1134 1914 imagines

188 1923 299 1985 poeticae,
312 1923 366 1968 licet
378 1921 411 1968 sic
422 1920 575 1980 transponas!

222 1987 325 2035 56-61.
345 1987 514 2045 [Sulcius-et
526 1981 637 2046 Caprius]
655 1985 670 2010 ‘⁶
679 1984 712 2030 Hi
723 1983 829 2031 acerrimi
840 1984 954 2030 delatores
967 1981 1057 2044 (idest,
1074 1997 1134 2045 qua·

191 2050 347 2114 (impletores)
357 2059 380 2097 et
391 2049 501 2096 causidici
511 2049 582 2095 luisse
594 2048 726 2104 traduntur,
738 2057 762 2096 et
771 2049 827 2095 ideo
836 2051 901 2105 mole,
908 2049 975 2095 valde
985 2051 1058 2104 raeci,
1071 2049 1136 2109 quod

191 2119 215 2166 in
233 2116 382 2164 contentione
394 2114 537 2175 Judiciorum
553 2113 668 2160 citissimi
683 2127 739 2160 voce
755 2115 884 2160 clamarent
897 2112 1048 2175 (assidueque
1064 2129 1135 2161 accu-

110 2195 113 2203 ·
192 2180 306 2243 parent).''
341 2182 496 2242 Porphyr.-
509 2175 618 2239 [libellis]
635 2175 1000 2240 aoeuaatoriia-[ooatearaot]
1016 2179 1136 2226 ·‘minima

191 2247 296 2294 metuat)
307 2247 405 2292 -Coeli
420 2240 543 2306 Birrique]
570 2245 587 2269 ‘⁴
597 2243 683 2290 Coelius
704 2252 729 2290 et
750 2244 841 2291 Birriua
862 2245 958 2291 inerunt
976 2244 1136 2290 adolescentes

209 2313 303 2359 erditi.”
324 2312 396 2357 Soloi.
509 2348 514 2358 .

192 2328 208 2374 p
224 2377 265 2435 62,
275 2376 313 2424 au
330 2371 404 2437 [pila]
421 2372 485 2420 Ante
496 2375 604 2419 tabernae
612 2372 637 2419 in
648 2371 775 2432 porticibus
785 2374 908 2420 collocatas
917 2373 1006 2419 librarii
1017 2373 1137 2420 habebant

188 2444 259 2503 pilas,
270 2442 389 2486 columnus
400 2443 502 2499 porticus
513 2438 663 2493 sustinentes,
678 2438 764 2497 quibus
774 2439 828 2498 pilis
839 2437 927 2483 indices
941 2438 1062 2491 librorum.
1077 2453 1137 2497 quoa

192 2507 217 2552 in
227 2506 329 2551 tabernis
339 2501 478 2555 vendebant.
487 2503 550 2550 affixi
559 2510 633 2549 erent.
650 2502 679 2549 A.
689 2503 713 2549 P.
721 2502 815 2558 373.-
823 2501 1028 2564 [Hermogenisque
1037 2498 1135 2565 Tigelli]

193 2570 279 2616 diversi
291 2570 372 2628 utique
382 2583 397 2614 a
409 2569 441 2614 Μ.
453 2568 552 2627 Tigellio
563 2568 643 2621 Sardo,
655 2578 710 2613 tunc
720 2576 820 2613 mortuo.

226 2632 330 2688 tto-71.
349 2629 485 2694 [Inmerito]
503 2633 593 2680 ‘Probe
608 2632 663 2677 novi
682 2647 741 2688 ease,
757 2632 798 2691 qui
810 2633 847 2678 vel
861 2631 886 2678 in
900 2631 1045 2686 mediosoro‚
1057 2632 1137 2686 idest,

194 2699 290 2758 ,dempti
302 2698 437 2757 hyperboli,
455 2711 534 2744 coram
545 2697 649 2743 maximi
658 2698 792 2742 auditorum
807 2698 893 2742 corond
908 2698 1012 2743 carmina
1021 2697 1137 2744 recitent!

194 2759 364 2824 -[laoantes]
383 2763 422 2808 ‘in
434 2761 531 2817 balneis,
547 2762 602 2821 quia
613 2761 638 2806 in
654 2762 704 2807 loco
720 2761 833 2808 fornicato
849 2763 952 2808 suaviter
969 2771 1061 2808 resonat
1077 2761 1137 2808 reel-

195 2828 267 2874 tantia
284 2827 344 2873 vor!
353 2852 386 2861 -
396 2823 485 2888 [sensu]
502 2826 628 2872 communi.
646 2827 693 2872 Sat.
711 2823 972 2888 l‚a‚66.—[1nqutt]
992 2826 1138 2873 adversariae

195 2892 287 2951 uliquis,
300 2890 313 2938 ὁ
324 2890 418 2954 τυχών.
425 2916 457 2925 -
467 2888 567 2954 [studio]
579 2893 667 2950 ‘quum
679 2905 764 2951 pravus
775 2891 814 2945 aia,
823 2890 847 2936 id
859 2899 902 2945 eat,
911 2901 1005 2952 propter
1015 2891 1139 2949 malitium,

195 2957 276 3010 ¹dediti
286 2959 357 3016 operi
368 2967 438 3016 utque
452 2957 545 3003 asaidtrc
563 2957 607 3002 hoc
623 2955 698 3001 facere
712 2955 772 3001 solea
783 2969 858 3014 eoque
872 2956 976 3015 gaudes!
1012 2956 1064 3002 Hoc
1073 2955 1138 3001 enirn

197 3023 261 3068 inest
270 3021 294 3066 in
307 3036 328 3066 v.
340 3023 423 3077 studio,
435 3023 506 3068 ‘will
516 3021 580 3068 eeal’
590 3045 619 3054 -
632 3017 678 3081 [eat
688 3026 767 3066 ocotor
780 3016 843 3080 quis]
862 3035 917 3076 non,
931 3029 958 3066 ut
972 3020 1059 3074 Schol,
1070 3020 1138 3080 ‘quia

195 3095 234 3144 ¹est
244 3094 324 3132 auctor
332 3086 350 3131 l'
368 3086 425 3133 aedr
443 3088 523 3132 'estne
534 3093 615 3132 auctor
624 3085 709 3144 aliquia
719 3098 800 3130 eorum
811 3093 855 3130 cet.
862 3085 881 3130 l’

231 3149 335 3207 73-79.
359 3146 467 3211 [solutos]
491 3146 668 3211 γελωτοποιός,
689 3148 730 3209 qui
751 3149 877 3196 cachinnos
898 3163 991 3195 movere
1009 3150 1139 3196 studet.-

200 3211 291 3279 [κίειν]
311 3214 364 3260 ‘hic
375 3223 411 3260 eat
420 3213 531 3274 improbis
542 3215 646 3260 moribus
655 3222 679 3260 et
690 3213 779 3273 perfido
790 3213 900 3272 ingenio!
909 3237 942 3248 -
951 3210 1077 3274 [Romane]
1088 3214 1140 3260 ‘vir

200 3283 281 3343 probe,
291 3287 316 3326 ut
329 3280 396 3325 decet
410 3293 460 3324 ease
472 3278 661 3324 Romanum.'-
671 3275 748 3339 [Saepe
764 3275 850 3339 tribvs]
868 3280 884 3304 ‘⁴
893 3278 1022 3326 Duodecim
1031 3278 1140 3325 homines

200 3346 226 3392 in
236 3345 351 3399 trictinto;
369 3357 423 3388 nem
434 3342 489 3388 inde
501 3341 629 3388 triclinium
639 3343 727 3389 dictum
738 3351 781 3398 eat,
792 3357 824 3389 ac.
836 3359 851 3389 a
861 3343 935 3389 tribus
947 3343 1037 3390 lectis.”
1055 3345 1138 3390 Coaaat.

202 3413 281 3459 Gr.-
290 3403 436 3472 [quantuor]
454 3408 562 3452 Summus
573 3406 611 3452 hic
622 3421 734 3454 numerus
745 3415 794 3454 erat
808 3408 872 3467 apud
888 3408 996 3455 homines
1009 3409 1140 3467 elegantio-

199 3467 380 3536 res-[onus]
399 3472 433 3517 ‘ai
445 3484 492 3516 non
503 3471 589 3531 plures,
605 3484 668 3516 unua
682 3473 765 3518 saltem
781 3486 868 3526 scurru⁹
884 3487 954 3532 quem
970 3473 1035 3519 dives
1051 3488 1140 3519 menan

199 3540 311 3586 adhibere
320 3539 385 3595 solet,
392 3536 517 3595 utlrabeat,
523 3535 653 3594 cujuajocia
660 3549 685 3581 ae
692 3536 846 3597 convivasque
855 3537 1026 3606 delectet'J—
1032 3535 1139 3600 [quote]

225 3631 236 3655 ¹
250 3632 320 3680 [umet]
333 3642 376 3672 non
393 3633 444 3677 ovet,
457 3629 571 3680 requiritur
584 3640 597 3668 a
608 3629 675 3668 totlua
689 3630 792 3671 damula
808 3631 969 3680 constructione,
985 3641 1026 3670 uec
1042 3630 1142 3671 anhaletlt

196 3679 260 3722 homo
267 3683 355 3722 mordax
364 3683 387 3721 tn
395 3681 439 3721 solt
447 3680 561 3730 copldttate
569 3679 621 3720 allos
628 3680 734 3729 carpendi.
