2442 4059
128 273 183 310 ura.
197 274 225 309 ru
237 256 274 320 ³.]
460 257 745 305 quuttauuuamo.
1018 257 1080 322 159

130 412 250 460 subselliis
261 411 299 456 vel
310 409 436 464 cathedris,
447 415 549 456 attentas
559 423 629 456 aures
639 406 751 469 magistro
762 409 891 468 praebituri.
900 433 933 444 —
942 405 1035 470 [amaea
1043 428 1082 460 vos

131 473 224 538 ordine]
244 479 251 502 ⁸
261 477 316 530 Vos,
328 475 367 535 qui
376 474 445 521 variis
457 473 648 531 vitiislaboratis,
656 489 747 530 omnes,
757 475 799 520 sed
807 483 871 521 certo
883 477 986 535 quodam
997 478 1082 524 ordine

131 543 179 589 buc
190 543 279 596 adeste,
291 548 318 586 ut
329 554 403 585 unum
414 547 466 599 post
476 539 577 585 alterum
588 553 633 600 ego
645 539 759 599 castigem
769 548 840 599 atque
852 541 983 600 corrigam!

166 607 205 660 82,
225 606 263 653 83.
284 601 403 666 [ellebori]
423 605 559 650 Elleborum
576 604 672 664 nigrum
688 605 737 650 sive
752 613 870 650 veratrum
888 606 933 650 alvi
953 607 1082 666 purgandae

132 673 205 718 causti
215 673 316 717 dabatur
326 669 508 716 melancholicis.
517 693 548 704 —
557 664 656 730 [Nescio
666 665 709 729 aa]
725 670 798 729 ‘puto
808 684 881 729 prope
890 670 904 724 ς’
922 672 938 716 1
947 673 1009 717 dou’t
1017 673 1082 720 know

132 738 235 784 whether
252 751 332 782 recem
349 735 402 781 dces
419 740 465 789 not,
481 731 732 795 dc-[Anticyrasr]
751 734 776 778 in
796 735 904 780 Phocide.
925 737 1009 782 Strabo
1022 737 1045 791 9,
1056 737 1080 794 3,

132 796 287 864 Ἀντίκιῤῥα,
300 795 431 863 ὁμώνυμος
442 797 473 861 τῇ
483 795 548 844 κατὰ
558 797 605 845 τὸν
618 796 754 846 Μαλιακὸν
764 792 863 845 κόλπον
873 797 915 845 καί
930 799 981 858 τὴν
993 800 1081 859 Οἴτην.

134 864 188 914 ttat
202 862 233 922 tt,
251 872 329 927 φασιν
339 861 388 910 ἐκεῖ
403 861 450 910 τὸν
465 859 601 925 ἐλλέβορον
616 860 724 927 φύεσθαι
740 863 786 910 riv
800 861 910 920 ἀστεῖον,
926 862 1038 913 ἐνταῦθα
1056 862 1082 914 δὲ

133 926 299 984 σκευάζεσθαι
309 925 421 987 βέλτιον,
430 940 451 975 r.
460 943 482 974 r.
493 925 517 974 lt
524 951 558 962 --
567 924 654 991 [ratio]
667 930 734 975 ‘vera
744 928 867 988 sapientia,
877 931 975 976 medice
984 945 1082 979 munere

133 995 292 1054 sungens.¹-
300 990 440 1054 [destinare]
458 1008 480 1038 v.
492 993 612 1052 proprium
624 994 654 1040 de
664 994 850 1047 medicamentis,
861 995 1041 1054 ‘prescribere’

168 1059 272 1114 84-87.
292 1055 410 1121 [Staberi]
428 1057 529 1108 Quintil.
544 1055 566 1112 7,
583 1058 606 1112 9,
625 1059 649 1114 9,
666 1059 742 1106 Heres
760 1075 821 1105 meus
839 1056 920 1119 (uxori
937 1060 1008 1120 mese)
1026 1063 1083 1109 dura

134 1125 232 1172 &muas
242 1131 297 1171 esto.
315 1123 378 1171 Hinc
385 1124 449 1182 apud
459 1123 584 1168 Horatium
595 1124 706 1179 damuati,
717 1123 861 1183 obligati—
869 1120 983 1186 [epulum]
996 1127 1083 1186 populo

135 1191 242 1237 dandum
255 1203 284 1235 ex
296 1188 378 1234 famosi
391 1187 482 1248 nepotis
495 1187 599 1234 arbitrio.
634 1189 665 1238 Q.
686 1188 748 1234 Arrii
764 1190 861 1248 epulum
878 1189 976 1236 funebre
993 1205 1083 1238 memo·

135 1263 202 1302 ratur
221 1269 235 1299 a
254 1255 367 1299 Cicerone
382 1253 406 1298 in
426 1253 505 1298 Vatin.
526 1251 565 1311 12,
580 1254 647 1313 cujus
665 1253 708 1299 lilii
726 1260 753 1298 ut
771 1254 862 1314 prodigi
880 1262 1010 1314 carpuntur
1027 1270 1084 1302 mox

135 1333 158 1366 v.
170 1319 225 1367 243.
234 1314 288 1379 -[
304 1325 397 1364 uantum
408 1320 473 1364 metit
483 1313 578 1377 Africa]
597 1318 642 1363 Est
653 1318 720 1377 quasi
730 1319 887 1377 proverbium.
917 1320 962 1366 Od.
977 1319 998 1376 l,
1011 1321 1032 1374 l,
1044 1321 1083 1367 19.

168 1383 273 1431 88-91.
287 1335 345 1444 fSes
355 1379 430 1444 recte]
442 1381 490 1429 Ct'r.
503 1383 548 1428 Od.
559 1381 581 1433 3.
595 1382 634 1436 12,
642 1381 671 1428 ³2
687 1389 779 1444 potruae
789 1385 883 1430 uerbera
894 1385 985 1446 lingua.
1002 1386 1049 1431 Sat.
1059 1387 1084 1441 2,

137 1449 161 1504 2,
167 1449 208 1503 97.
215 1472 248 1482 --
257 1444 335 1509 [Quid
344 1443 410 1509 ergo]
427 1448 501 1497 ‘Quae
511 1461 567 1506 ergo
577 1448 637 1493 ratio
646 1461 702 1493 eum
712 1447 810 1493 induxit
817 1449 834 1493 l'
841 1472 875 1482 -
884 1446 990 1511 [Quoad]
1002 1465 1085 1496 mono.

136 1515 265 1574 syllabam,
276 1521 303 1558 ut
314 1513 401 1568 debinc,
413 1519 438 1558 et
448 1513 530 1558 deinde
541 1511 619 1572 bisyll.

169 1577 210 1634 96,
229 1577 268 1631 97.
287 1573 451 1638 [construxerit
486 1577 529 1621 ‘ut
546 1583 637 1622 struem
655 1577 819 1632 coacervaritr’
839 1577 872 1624 sic
890 1579 938 1624 Sat.
960 1580 981 1635 l,
1002 1579 1024 1636 l,
1043 1580 1083 1637 44,

138 1650 279 1690 constructus
297 1657 435 1688 aceruus.—
459 1638 613 1702 Supicusncl]
633 1641 688 1687 Noli
706 1656 760 1688 cum
778 1643 898 1689 nonnullis
916 1645 961 1690 boc
981 1646 1085 1692 tribuere

139 1708 253 1761 Horatior
274 1707 429 1766 Damasippus
441 1707 504 1752 enim
517 1719 546 1751 ex
560 1707 692 1752 Stoicorum
702 1721 767 1752 more
778 1722 803 1753 se
814 1708 864 1767 ipse
876 1708 1012 1768 interrogat.
1055 1724 1057 1728 ·

173 1771 309 1820 loo-103.
328 1767 448 1833 [Graccus]
468 1771 495 1816 ln
514 1771 583 1830 prosi
599 1784 635 1816 or.
655 1771 752 1817 sortasse
768 1773 865 1818 dixisset
879 1774 1013 1828 Graculum
1030 1790 1086 1821 nam
1146 1803 1151 1812 ·

137 1838 229 1884 levitati
245 1837 347 1882 bominis
365 1836 525 1895 significandis
539 1835 638 1882 inservit
650 1836 695 1882 hoc
711 1837 850 1883 attributum
866 1839 964 1886 minime
977 1841 1086 1887 otiosum.

138 1899 238 1964 -[Nil
247 1897 311 1962 ugit]
332 1902 385 1962 lpse
399 1903 449 1960 iam
462 1899 586 1947 Stertinius
601 1915 652 1947 sese
663 1910 757 1948 revocat
767 1905 797 1948 ab
807 1904 901 1964 incepti
912 1906 1087 1964 comparatione

137 1967 202 2014 inter
220 1966 360 2022 Staberium,
378 1966 483 2012 avaritie
499 1965 627 2026 specimen,
645 1973 670 2012 et
686 1965 842 2027 Aristippum,
861 1970 960 2015 nimium
980 1970 1087 2030 pecunia

138 2041 333 2092 contemptorem,
350 2045 440 2078 memor
451 2030 562 2091 precepti
574 2030 642 2091 logici
654 2046 669 2077 a
680 2032 764 2094 Stoicis
781 2034 869 2089 traditi,
885 2036 974 2080 nullam
992 2043 1086 2080 contro-

139 2098 240 2143 versiam
252 2097 375 2142 contrariis
387 2096 501 2155 exemplis
512 2095 599 2152 dirimi,
618 2098 660 2143 sed
675 2097 732 2143 talia
743 2099 891 2157 anquirenda
903 2112 961 2152 esse,
978 2113 1031 2157 quae
1042 2098 1086 2144 etsi

138 2163 217 2222 primo
228 2168 324 2220 aspectu
339 2161 439 2215 diversa,
453 2168 532 2206 tamen
550 2175 575 2206 re
590 2161 722 2207 accuratius
736 2162 854 2221 pessima
866 2163 937 2208 veluti
950 2177 992 2222 per
1002 2163 1086 2220 induc·

138 2227 228 2274 tionem
241 2241 323 2271 verum
334 2225 359 2270 in
371 2226 434 2271 clara
445 2227 496 2272 luce
506 2226 629 2271 collocent.

173 2289 309 2338 tot—tat.
331 2286 442 2352 [emptas]
461 2291 514 2336 Non
525 2299 561 2337 est
572 2289 710 2350 simpliciter
721 2291 837 2350 ‘easque‚'
849 2291 891 2337 secl
902 2291 1005 2351 ‘statim,
1022 2299 1087 2352 post·

139 2371 212 2418 quam
234 2370 273 2401 eas
294 2356 390 2402 emisset
398 2357 412 2410 ς’
424 2379 457 2390 -
471 2352 586 2416 [scalpra]
611 2357 788 2415 purim-inires
809 2371 835 2401 or
855 2353 1074 2416 arola—[farmus

139 2423 205 2468 laets.
212 2445 245 2454 —
253 2416 415 2482 [mercaturis]
434 2421 481 2465 dat.
497 2427 524 2465 ut
535 2419 581 2465 Od.
592 2419 616 2476 2,
626 2418 650 2475 4,
667 2418 705 2474 19,
721 2423 783 2466 lucro
793 2436 901 2468 auersum.
910 2444 943 2454 -
952 2417 1074 2484 [Undique

138 2487 164 2532 in
184 2486 254 2546 prosti
268 2499 301 2531 or.
323 2487 366 2530 ‘ab
382 2483 506 2530 omnibus!
516 2507 548 2518 -
558 2480 769 2547 [soliis-arauris]
791 2493 818 2531 ut
835 2486 943 2541 cichorei,
962 2486 1089 2533 intubi.—

141 2547 276 2613 [jactutar]
298 2549 376 2596 Motus
390 2548 573 2594 febricitantium
587 2549 684 2594 violenti
695 2550 865 2610 significantur.
885 2552 946 2598 Cels.
958 2552 981 2609 2,
993 2552 1015 2610 4,
1028 2553 1090 2600 Mati

139 2617 213 2662 morbi
225 2616 375 2670 testimonium
386 2611 541 2674 cst-{actare
553 2615 647 2660 brachiu
657 2621 680 2660 ct
690 2630 766 2662 crura.

174 2679 309 2726 las-129.
330 2676 386 2740 [Dis
402 2675 503 2740 inimice]
521 2675 590 2734 θεοῖς
600 2674 684 2739 ἐχθρέ,
697 2677 752 2725 ‘cui
766 2694 849 2726 omnes
866 2680 889 2726 di
906 2681 961 2727 irati
977 2681 1090 2728 sunt?—

141 2741 269 2806 [curtabit]
292 2739 599 2804 absumet-[porrigine]
623 2739 772 2806 rrtruptdoec,
790 2741 901 2804 acurf.—
923 2743 1041 2808 pefiurus]
1064 2747 1090 2792 in

139 2807 219 2856 soluti
240 2823 273 2855 or.
296 2809 402 2854 molliore
423 2808 615 2868 pronuntiatione
634 2807 788 2868 pancra-
813 2813 909 2870 surripis
949 2813 1089 2868 clanculum,

139 2871 220 2935 susara
238 2869 427 2935 vie-[cardon]
447 2870 676 2933 vulnerare-[tao
691 2889 746 2934 quor
761 2889 807 2920 are
841 2875 884 2921 Est
901 2879 962 2937 conj.
979 2877 1005 2922 Τ.
1020 2875 1091 2922 Fabri

139 2939 235 2986 firmata
251 2953 265 2984 a
281 2938 333 2984 Fere
350 2938 425 2984 (lodd.
439 2937 495 2997 aliq.
524 2935 565 2982 Aa
577 2951 598 2981 v·
609 2943 660 2983 tuus
675 2935 736 2984 nibil
753 2939 868 2986 attinebat
882 2942 1020 3001 adjungere,
1036 2955 1091 3001 quos

139 3019 186 3051 aare
192 3005 294 3064 pararis.
328 3003 401 3049 ‘ldeo
412 3003 475 3062 quod
487 3003 541 3047 mei
548 3002 651 3062 pecuuii
661 3016 741 3049 servos
751 3003 806 3061 emi,
817 3018 857 3050 eos
869 3021 1009 3066 quocunque
1019 3006 1089 3051 modo

140 3069 200 3115 mibi
213 3069 289 3128 placet
301 3075 409 3123 tractare,
420 3081 474 3113 meo
481 3067 535 3128 jure
548 3067 637 3112 cedere
649 3068 759 3126 possum.¹

176 3133 229 3180 132.
251 3130 330 3193 [Quia
353 3127 445 3193 enimi]
476 3131 578 3178 ‘dicisi’
607 3132 675 3177 idem
696 3147 769 3194 prope
791 3148 819 3180 ac
842 3137 942 3196 quidni!
967 3135 1091 3196 quippini!

140 3199 221 3244 ‘Sane
232 3198 320 3256 poteris
331 3197 389 3242 mibi
402 3197 510 3257 objicere,
528 3210 573 3256 ego
584 3196 654 3242 solita
663 3205 688 3243 et
702 3212 766 3244 nunc
776 3197 909 3259 frequentia
923 3201 974 3246 bec
988 3198 1091 3244 facinora

141 3277 217 3325 quum
228 3262 280 3317 ieci,
297 3262 394 3307 minime
405 3261 586 3321 aequiparandus
596 3275 649 3307 sum
661 3263 750 3323 tragico
759 3263 795 3308 illi
807 3265 892 3318 Oresti,
905 3265 946 3323 qui
957 3263 1027 3318 ierro,
1043 3277 1092 3309 nou

141 3335 169 3374 ut
179 3328 243 3387 apud
257 3341 299 3372 nos
311 3327 345 3382 lit,
356 3327 441 3385 laqueo
452 3334 492 3372 aut
500 3340 599 3382 veneno,
612 3327 812 3386 clytemnestram
822 3328 915 3382 occidit,
927 3341 1004 3386 neque
1014 3328 1092 3387 Argis,

142 3395 202 3440 urbe
213 3407 228 3438 a
239 3391 334 3451 tragicis
344 3391 475 3438 identidem
485 3392 615 3437 memorati
625 3400 658 3451 et,
668 3393 687 3438 si
699 3392 733 3439 ita
744 3393 821 3439 dicere
831 3394 894 3451 licet,
905 3392 1004 3450 poetica,
1015 3394 1093 3440 sedin

141 3457 223 3504 media
234 3459 292 3502 urbe
306 3457 391 3511 Romi,
403 3455 512 3502 veneficis
523 3455 617 3511 referti,
628 3465 728 3504 matrem
741 3473 754 3504 e
765 3458 843 3502 medio
854 3457 954 3503 sustuli'

178 3519 313 3576 tst-ltt
334 3517 404 3582 [arola
416 3527 471 3567 tuta
480 3517 573 3582 mestis]
588 3521 693 3567 insanus.
716 3522 807 3567 ‘immo
818 3529 899 3580 postea
910 3521 1009 3568 sanioris
1020 3537 1093 3583 prope

142 3587 233 3634 mentis
243 3585 287 3631 tuit
299 3587 394 3632 Orestes
409 3599 480 3644 quam
496 3585 536 3630 illo
547 3593 636 3644 puncto
650 3586 770 3644 temporis,
789 3599 835 3644 quo
846 3594 946 3630 matrem
958 3588 1092 3634 trucidavit.
1113 3615 1118 3620 ·

144 3651 245 3698 Etenim
259 3650 285 3696 iu
298 3663 326 3696 eo
345 3651 469 3697 dumtaxat
488 3649 588 3709 deliquit
603 3649 785 3709 aliquantulum,
803 3649 867 3708 quod
882 3650 1001 3698 interdum
1020 3651 1093 3699 sotori
