2442 4059
181 254 246 321 282
509 256 790 317 rursneasrsuto.
1025 256 1119 323 [sein.

213 406 349 455 214-216.
363 403 470 468 [motum]
483 405 590 466 κὶνησιν,
600 406 856 471 tiorum-[sagus]
870 410 954 457 ‘modu
963 411 1121 467 dextrorsum,

182 473 252 519 modo
265 470 429 522 sinistrorsum,
447 474 543 519 chorum
554 472 856 535 praeoedeua’-[osstesn]
875 477 972 535 ‘syrms
988 478 1121 536 tragicum’

183 536 231 583 ctr.
244 537 302 596 lipp.
318 538 341 591 2,
354 537 375 591 1,
385 535 478 590 207-
489 534 598 599 [fidibus]
609 539 631 564 '“
640 540 687 596 Sic,
702 538 784 584 eidem
799 540 942 595 necessitate,
953 542 1042 599 fidibus
1057 543 1123 601 prius

183 604 266 649 uteris
282 610 305 648 et
323 601 461 648 habentibus
477 616 571 662 grauem
587 616 669 649 sonum
687 618 774 651 orcum
787 619 849 651 uoces
864 614 958 664 propter
973 607 1123 664 gravimem,

185 665 240 726 quia
255 666 403 712 semitonium
420 675 455 713 est
471 667 601 723 inventum,
615 676 642 713 ut
652 676 725 714 acute
736 682 803 714 roees
818 670 927 728 gravibus
941 670 1122 717 consecrarem!

185 732 256 777 Scirol.
270 731 323 777 Cod.
335 731 398 777 Mon.

217 795 351 850 217-219.
380 793 446 858 [tulit
467 793 590 857 eloquium]
613 797 682 847 ‘Quo
708 795 855 843 emularetur
880 798 993 844 musicum
1017 799 1122 845 conciss-

185 859 277 914 tiorem,
301 860 375 919 poesis
394 861 485 907 clrorica
505 862 555 921 ipsa
577 876 670 921 quoque
688 863 823 909 concitatior
841 862 903 908 iscta
918 871 953 908 est
973 864 1123 916 etruscis

186 931 228 980 est,
247 924 333 971 creavit
351 924 395 971 sibi
413 934 483 985 etque
501 926 625 985 assumpsit
642 926 794 973 elocutionem
812 942 828 972 s
843 927 932 985 vulgari
951 929 1123 975 consuetudine

186 990 255 1047 longe
273 1000 392 1045 remotam,
411 992 472 1036 unde
491 990 605 1037 diffieilior
622 1005 713 1051 sempor
728 991 847 1037 intellectu
865 1002 889 1037 et
907 991 989 1038 similis
1008 993 1071 1039 facts
1087 1001 1123 1039 est

183 1050 339 1108 bruculorum,
356 1055 439 1114 partim
451 1055 539 1101 nobiles
550 1053 654 1117 γνώμας
663 1054 788 1115 proterens,
803 1055 887 1115 psrtim
899 1057 965 1115 qussi
976 1057 1027 1117 ipse
1037 1058 1123 1104 ebosus
1192 1062 1201 1075 ¹

187 1116 260 1165 futuri
270 1133 357 1177 gnarus
367 1129 427 1166 esset
438 1121 525 1165 occulte
537 1120 677 1178 significans,
694 1135 763 1179 quem
778 1121 855 1167 iabuls
870 1130 932 1167 esset
947 1122 1037 1167 exitum
1055 1123 1122 1169 lssbi·

188 1191 248 1238 turs,
266 1184 303 1229 cui
314 1198 464 1243 personarum
475 1198 543 1241 mors,
560 1185 597 1229 cui
609 1183 707 1231 victoris
716 1185 763 1231 isto
774 1186 889 1231 destinata
898 1188 974 1232 esset’
983 1210 1017 1221 --
1026 1182 1122 1247 [som

188 1249 228 1295 dia
235 1246 348 1310 prceceps]
367 1249 404 1296 Sic
416 1249 484 1295 etlam
497 1249 579 1295 Graeci.
613 1250 678 1295 Phot.
691 1250 749 1297 eos.
760 1249 799 1304 61,
811 1250 904 1312 τροπαὶ
916 1247 1049 1311 antropos,
1062 1253 1123 1311 tropi

188 1312 328 1361 audaciores.
362 1314 471 1363 Quinctil.
492 1313 527 1368 12,
546 1314 583 1365 10,
602 1312 641 1368 73,
658 1330 730 1374 genus
746 1315 843 1367 dicendi,
860 1318 920 1375 quod
934 1318 1067 1375 praecipitia
1080 1332 1123 1376 pro

160 1371 165 1387 ⁸
188 1379 320 1425 sublimibus
340 1374 604 1439 babet-[Sortilegis]
631 1380 734 1425 Priscum
754 1394 842 1425 morem
862 1379 970 1425 italicum
990 1380 1123 1439 (recordare

191 1442 344 1489 Fortunarum
357 1442 487 1489 Antiatium
505 1452 529 1488 ct
541 1442 699 1503 l'roenestinse)
711 1446 741 1489 ad
758 1444 876 1490 oraculum
888 1444 1030 1504 Delphicum
1047 1454 1123 1491 tmus-

189 1507 245 1617 smil
266 1506 387 1619 gppsspppl
397 1517 475 1554 sutem
486 1505 528 1555 eui
544 1506 663 1563 ποικίλως
679 1523 733 1563 oruc
747 1506 789 1555 sal
800 1509 882 1572 σοφῶς
891 1505 1030 1572 p'usppsluos.
1057 1510 1122 1557 sru-

189 1578 213 1618 to
247 1606 253 1617 .
288 1588 311 1629 q.
371 1609 374 1616 .

214 1586 276 1683 pm
295 1633 425 1698 [Carmine]
443 1637 658 1691 111.226-250,ι
671 1637 784 1697 trngoedib
799 1638 882 1684 transit
895 1639 926 1684 sd
941 1639 1024 1685 dssmb
1038 1638 1122 1699 sstprl·

191 1714 243 1747 curn
260 1703 356 1761 ejusque
369 1702 594 1761 legen-Sequitur
609 1711 687 1748 sutem
702 1702 836 1762 opinionem
850 1716 1005 1757 communem,
1023 1717 1054 1749 cx
1069 1703 1122 1762 qui,

139 1812 141 1817 ,
191 1780 264 1825 quum
276 1766 373 1826 Thespis
384 1767 509 1813 invenisset
519 1766 665 1826 tragoediam.
675 1781 721 1812 uon
733 1769 766 1813 its
776 1768 849 1813 multo
859 1776 911 1827 post
922 1768 1021 1827 trilogiis
1031 1768 1123 1827 tragicis

191 1830 268 1877 addita
279 1838 333 1877 sunt
342 1832 446 1877 dramats
456 1831 561 1889 satyrica.
580 1831 647 1877 ‘Jsm
656 1846 728 1891 quum
735 1832 759 1878 in
768 1832 903 1891 bisquoque
911 1834 949 1878 dei
960 1841 1032 1892 atque
1043 1834 1124 1879 besses

191 1894 340 1954 inducantur,
355 1897 470 1955 praecipue
486 1897 691 1942 demonstrandum
708 1905 752 1950 est,
769 1897 853 1957 quibus
871 1897 897 1942 in
916 1900 986 1944 rebus
1001 1898 1095 1945 differet
1109 1912 1124 1943 s

192 1960 321 2019 usgoedii.'
345 1958 383 2006 Ita
393 1960 455 2006 enim
466 1962 638 2008 connectendus
649 1961 687 2007 hic
696 1962 760 2008 locus
768 1955 860 2008 ridetur
869 1976 922 2007 cum
933 1963 1053 2020 tragssrlirs
1063 1971 1124 2009 recte

192 2026 356 2086 componenda
375 2025 502 2086 preceptis,
520 2041 573 2085 quse
591 2023 845 2089 precedunt-[qui]
864 2027 916 2071 Non
934 2028 998 2082 dicit,
1020 2026 1123 2087 'l'bespiu

191 2090 307 2139 invenisse
319 2092 399 2137 drama
409 2090 542 2150 satyricum,
559 2092 601 2138 sed
617 2091 675 2137 hocs
694 2093 754 2137 ‘uon
771 2092 805 2138 its
820 2091 921 2137 multum
936 2100 989 2151 post
1005 2092 1123 2137 ineentssu

192 2156 328 2215 trsgoediam
345 2156 403 2203 illud
419 2170 511 2216 quoque
527 2170 600 2215 genus
616 2156 738 2201 inventum
754 2156 819 2211 esse,'
832 2157 866 2217 (et
880 2156 975 2215 quidem
992 2171 1005 2202 a
1023 2157 1123 2211 haunt,

192 2222 300 2281 AEschyli
309 2219 412 2280 equali.)
420 2244 453 2255 -
460 2218 571 2283 [lrircust]
590 2221 650 2267 Vide
659 2221 690 2267 ad
701 2236 721 2267 v.
733 2221 788 2275 276

225 2285 358 2334 221-226.
377 2283 495 2348 [nudauit]
512 2286 616 2345 ‘primus
628 2287 702 2331 nudos
713 2284 808 2331 induxit
817 2285 842 2330 iu
853 2284 961 2339 scensm‚'
973 2283 1053 2340 idest,
1065 2285 1124 2331 ‘boc

192 2348 323 2397 isbularum
334 2366 408 2410 genus
419 2350 522 2397 invenit!
531 2374 564 2385 —
573 2347 666 2411 [ospes]
683 2352 753 2411 mgis
767 2352 815 2396 ssd
828 2352 931 2405 succutis,
948 2357 974 2394 ut
985 2350 1086 2396 elucebit
1095 2364 1124 2395 ex

194 2416 298 2475 AEscltyli
310 2417 413 2463 versibus
423 2415 528 2474 satyricis
541 2415 633 2473 Fragm.
644 2416 714 2461 Diod.
727 2414 779 2470 166,
790 2415 845 2468 266,
856 2422 879 2459 et
890 2414 1010 2473 Sophoclis
1021 2416 1059 2461 tr.
1073 2415 1124 2470 147,

138 2533 140 2537 ,
192 2479 247 2527 334.
256 2504 289 2513 -
297 2478 386 2543 [celes]
404 2480 514 2526 ‘ieristus
525 2494 552 2525 ac
563 2489 656 2539 propter
668 2480 728 2526 bunc
736 2494 851 2525 summam
863 2479 1004 2525 hilsritstem
1016 2481 1068 2541 ism
1079 2493 1124 2525 ucn

192 2544 259 2591 facile
270 2545 294 2590 in
307 2546 412 2591 ordinem
424 2546 548 2604 cogendus,
566 2544 605 2589 ubi
623 2545 771 2605 interpellare
782 2544 851 2589 vellet
867 2544 970 2590 actorea'
978 2540 1123 2605 -[risom]

194 2608 306 2656 ‘ridicula
317 2611 378 2657 dicta
389 2610 546 2671 proferentes!
580 2608 679 2668 satyrici
695 2618 774 2655 sutem
791 2608 901 2655 drsmstis
917 2609 1041 2667 scriptores
1054 2608 1125 2668 elige·

193 2674 251 2719 bsnt
269 2674 378 2729 actiones,
400 2689 499 2735 quarum
517 2673 641 2733 participes
662 2674 733 2719 fuisse
753 2681 794 2719 snt
812 2681 952 2733 spectatores
969 2674 1053 2718 saltem
1070 2673 1125 2731 bopi

194 2748 287 2798 possent
309 2740 393 2799 Satyri.
415 2739 486 2785 veluti
509 2738 635 2797 Euripides
660 2739 793 2798 cyclopem,
815 2738 963 2797 Autolycum,
992 2738 1124 2799 Sisyphum,

194 2802 321 2857 Scironeut,
339 2800 604 2865 Syleum.-[dicaces]
627 2803 778 2859 Quinctilii,
798 2802 820 2858 ³,
839 2802 879 2858 21,
899 2803 1019 2849 Duorum
1037 2804 1125 2863 propris

192 2869 305 2929 significat
314 2884 434 2916 sermonem
445 2884 493 2916 cunt
504 2871 551 2915 risu
562 2865 649 2929 aliquos
659 2874 808 2915 incessentem.

226 2932 281 2987 227,
295 2933 348 2979 228.
365 2929 514 2995 [quicunque]
532 2934 600 2979 ‘Sive
619 2934 688 2979 deum
700 2933 724 2977 io
738 2945 831 2979 scenam
843 2932 956 2991 produces
966 2931 1015 2977 sire
1025 2931 1126 2989 heroem,

193 2995 243 3043 sire
255 3007 363 3055 utrosque
377 2999 460 3045 simul’
493 2998 574 3059 Nuper
588 3011 630 3057 pru
646 2998 740 3043 notione
755 2998 823 3057 hujus
834 3011 855 3041 v.
866 2997 1067 3056 interpretandum
1077 3005 1124 3043 est:

195 3061 280 3109 ‘iidem
291 3062 324 3107 dii
336 3070 404 3121 utque
416 3064 504 3119 heroes,
516 3062 592 3122 quiin
603 3062 723 3121 tragoediis
731 3076 792 3121 sepe
803 3061 926 3119 conspecti,
936 3061 1051 3107 notissimi
1063 3061 1125 3107 nobis

195 3135 250 3173 sunt
257 3128 271 3173 τ’
285 3135 309 3173 ut
320 3126 375 3173 entis
386 3127 465 3173 festive
475 3128 621 3187 Antiphones
631 3128 656 3172 in
668 3127 743 3173 Grotii
756 3126 814 3173 lise.
823 3140 846 3185 p.
854 3125 910 3177 623,
921 3123 956 3172 ἂν
967 3122 1050 3172 πάλιν
1061 3124 1125 3188 step

195 3206 233 3246 esc
244 3187 410 3302 'dispairusp
420 3190 461 3237 stul
472 3189 504 3239 rel
515 3188 603 3239 ratila
615 3186 698 3239 Πάν’
711 3188 787 3247 εὐθὺς
803 3185 882 3252 εἴρηχ’
895 3186 933 3236 ilrs
947 3187 1038 3248 μανεὶς
1052 3186 1125 3238 ἀπίε-

195 3260 283 3303 rous'r
303 3273 318 3303 ν
365 3272 378 3303 r
405 3272 428 3302 a.

228 3257 479 3383 229,ὴ23611[1113νοέ]
498 3321 547 3367 ‘Ns
565 3335 663 3382 persona
680 3322 768 3381 tragice
781 3320 807 3365 in
822 3316 901 3366 tubuli
911 3319 1013 3378 satyrios
1023 3319 1050 3365 in
1059 3320 1124 3366 καί

195 3399 329 3445 comparens
343 3396 419 3433 utatur
430 3400 535 3431 sermone
546 3380 595 3431 taut'
605 3385 687 3432 lsumili
703 3400 729 3431 sc
740 3384 838 3445 plebeio,
849 3398 919 3443 quam
929 3384 1006 3429 solent
1016 3384 1124 3437 homines,

196 3450 272 3508 quiin
284 3454 390 3498 tabernas
406 3450 549 3512 popinssque
566 3450 693 3504 confluunt.
711 3450 755 3496 ies
771 3445 1008 3509 populi.'-[bssss'li
1016 3443 1123 3507 m]

196 3514 278 3573 inquo
293 3516 389 3575 quidem
402 3530 486 3575 genere
504 3516 646 3574 permultum
662 3515 706 3560 sibi
723 3515 879 3575 permiserunt
891 3513 973 3569 Graeci,
992 3515 1125 3573 plerumque

197 3579 310 3625 tamenin
321 3588 450 3641 satyrorum
461 3578 571 3640 partibus.
605 3580 667 3625 Nota
682 3588 737 3625 suut
749 3578 854 3639 AEscbyli
870 3571 963 3636 νηδύος
976 3576 1125 3642 χειλῶματα,
